Clientnumber,Customer,Subscription type,Bookingsdata,Revenuetype,Description,Revenue,Percentage of total monthly revenue,Company revenue total (month),Year,Month,Lag_1,Lag_6,MA_6
1.0,14,0,2020-07-31,1,376,21229.226678000003,0.1034,205311.67,2020,7,20592.364364,18155.906736,20283.05084666667
1.0,14,0,2020-08-31,1,47,22217.387390000004,0.1034,214868.35,2020,8,21229.226678000003,19429.783362000002,20747.651518000002
1.0,14,0,2020-09-30,1,200,23202.620848000002,0.1034,224396.72,2020,9,22217.387390000004,19949.252554000002,21289.879567000004
1.0,14,0,2020-10-31,1,199,23762.602160000002,0.1034,229812.4,2020,10,23202.620848000002,19951.08687,21925.132115333337
1.0,14,0,2020-11-30,1,215,23976.738390000002,0.1034,231883.35,2020,11,23762.602160000002,20546.591252000002,22496.823305
1.0,14,0,2020-12-31,1,67,25569.643308000002,0.1034,247288.62,2020,12,23976.738390000002,20592.364364,23326.36979566667
1.0,14,0,2021-01-31,1,406,25992.250482000003,0.1034,251375.73,2021,1,25569.643308000002,21229.226678000003,24120.207096333335
1.0,14,0,2021-02-28,1,156,26491.926846000002,0.1034,256208.19,2021,2,25992.250482000003,22217.387390000004,24832.630339
1.0,14,0,2021-03-31,1,209,26994.435336000002,0.1034,261068.04,2021,3,26491.926846000002,23202.620848000002,25464.599420333336
1.0,14,0,2021-04-30,1,220,27821.040785999998,0.1034,269062.29,2021,4,26994.435336000002,23762.602160000002,26141.005858000004
1.0,14,0,2021-05-31,1,211,28710.750222000002,0.1034,277666.83,2021,5,27821.040785999998,23976.738390000002,26930.007830000002
1.0,14,0,2021-06-30,1,212,29453.914974,0.1034,284854.11,2021,6,28710.750222000002,25569.643308000002,27577.386441
1.0,14,0,2021-07-31,1,66,30674.31312,0.1034,296656.8,2021,7,29453.914974,25992.250482000003,28357.730214
1.0,14,0,2021-08-31,1,409,31038.589252000005,0.1034,300179.78,2021,8,30674.31312,26491.926846000002,29115.50728166667
1.0,14,0,2021-09-30,1,158,31761.543439999998,0.1034,307171.6,2021,9,31038.589252000005,26994.435336000002,29910.025299
1.0,14,0,2021-10-31,1,206,33282.295838,0.1034,321879.06999999995,2021,10,31761.543439999998,27821.040785999998,30820.234474333334
1.0,14,0,2021-11-30,1,198,34650.112398,0.1034,335107.47,2021,11,33282.295838,28710.750222000002,31810.128170333333
1.0,14,0,2021-12-31,1,375,35935.56155200001,0.1034,347539.28,2021,12,34650.112398,29453.914974,32890.4026
1.0,14,0,2022-01-31,1,47,36188.71163600001,0.1034,349987.54000000004,2022,1,35935.56155200001,30674.31312,33809.46901933334
1.0,14,0,2022-02-28,1,207,36203.539196000005,0.1034,350130.94,2022,2,36188.71163600001,31038.589252000005,34670.294010000005
1.0,14,0,2022-03-31,1,61,37275.174728,0.1034,360494.92,2022,3,36203.539196000005,31761.543439999998,35589.232558
1.0,14,0,2022-04-30,1,375,36227.971582,0.1034,350367.23,2022,4,37275.174728,33282.295838,36080.17851533333
1.0,14,0,2022-05-31,1,207,36703.215560000004,0.1034,354963.4,2022,5,36227.971582,34650.112398,36422.36237566667
1.0,14,0,2022-06-30,1,207,53352.155186,0.1034,515978.29,2022,6,36703.215560000004,35935.56155200001,39325.12798133333
1.0,14,0,2022-07-31,1,61,53837.55201000001,0.1034,520672.65,2022,7,53352.155186,36188.71163600001,42266.601377
1.0,14,0,2022-08-31,1,61,54647.957782,0.1034,528510.23,2022,8,53837.55201000001,36203.539196000005,45340.67114133333
1.0,14,0,2022-09-30,1,207,54070.883416000004,0.1034,522929.24,2022,9,54647.957782,37275.174728,48139.95592266667
1.0,14,0,2022-10-31,1,207,58226.913029999996,0.1034,563122.95,2022,10,54070.883416000004,36227.971582,51806.446164
1.0,14,0,2022-11-30,1,207,57455.27398600001,0.1034,555660.29,2022,11,58226.913029999996,36703.215560000004,55265.122568333325
1.0,14,0,2022-12-31,1,5,55257.419096,0.1034,534404.44,2022,12,57455.27398600001,53352.155186,55582.666553333336
1.0,14,0,2023-01-31,1,14,59364.226174,0.1034,574122.11,2023,1,55257.419096,53837.55201000001,56503.778914
1.0,14,0,2023-02-28,1,78,60702.7278,0.1034,587067.0,2023,2,59364.226174,54647.957782,57512.90725033334
1.0,14,0,2023-03-31,1,75,62790.791536000004,0.1034,607261.04,2023,3,60702.7278,54070.883416000004,58966.22527033333
1.0,14,0,2023-04-30,1,252,64852.57616200001,0.1034,627200.93,2023,4,62790.791536000004,58226.913029999996,60070.502459
1.0,14,0,2023-05-31,1,129,66490.864374,0.1034,643045.11,2023,5,64852.57616200001,57455.27398600001,61576.43419033333
1.0,14,0,2023-06-30,1,75,66630.485394,0.1034,644395.41,2023,6,66490.864374,55257.419096,63471.94524
1.0,14,0,2023-07-31,1,252,66568.97893800001,0.1034,643800.5700000001,2023,7,66630.485394,59364.226174,64672.73736733334
1.0,14,0,2023-08-31,1,138,67955.119012,0.1034,657206.1799999999,2023,8,66568.97893800001,60702.7278,65881.469236
1.0,14,0,2023-09-30,1,76,70175.276248,0.1034,678677.72,2023,9,67955.119012,62790.791536000004,67112.216688
1.0,14,0,2023-10-31,1,252,70511.63024400001,0.1034,681930.66,2023,10,70175.276248,64852.57616200001,68055.39236833334
1.0,14,0,2023-11-30,1,138,69666.502752,0.1034,673757.28,2023,11,70511.63024400001,66490.864374,68584.66543133334
1.0,14,0,2023-12-31,1,12,70198.58571,0.1034,678903.1499999999,2023,12,69666.502752,66630.485394,69179.34881733333
1.0,14,0,2024-01-31,1,423,74756.723448,0.1034,722985.72,2024,1,70198.58571,66568.97893800001,70543.97290233333
1.0,14,0,2024-02-29,1,155,75267.865838,0.1034,727929.07,2024,2,74756.723448,67955.119012,71762.76404
1.0,14,0,2024-03-31,1,75,78599.85742400002,0.1034,760153.3600000001,2024,3,75267.865838,70175.276248,73166.86090266668
1.0,14,0,2024-04-30,1,252,78012.36240600001,0.1034,754471.5900000001,2024,4,78599.85742400002,70511.63024400001,74416.98292966669
1.0,14,0,2024-05-31,1,15,80621.839254,0.1034,779708.31,2024,5,78012.36240600001,69666.502752,76242.87234666669
1.0,14,0,2024-06-30,1,423,79567.221294,0.1034,769508.91,2024,6,80621.839254,70198.58571,77804.31161066667
1.0,14,0,2024-07-31,1,154,83102.70511400001,0.1034,803701.2100000001,2024,7,79567.221294,74756.723448,79195.30855500001
1.0,14,0,2024-08-31,1,98,83607.716918,0.1034,808585.27,2024,8,83102.70511400001,75267.865838,80585.28373500002
1.0,14,0,2024-09-30,1,247,85171.949016,0.1034,823713.24,2024,9,83607.716918,78599.85742400002,81680.63233366667
2.0,9,0,2020-01-31,1,424,17330.638248,0.0987,175589.04,2020,1,85171.949016,78012.36240600001,71567.01164066666
2.0,9,0,2020-02-29,1,154,18546.611391,0.0987,187908.93,2020,2,17330.638248,80621.839254,61221.140330166665
2.0,9,0,2020-03-31,1,104,19042.468346999998,0.0987,192932.81,2020,3,18546.611391,79567.221294,51133.68150566667
2.0,9,0,2020-04-30,1,424,19044.219285,0.0987,192950.55,2020,4,19042.468346999998,83102.70511400001,40457.26720083333
2.0,9,0,2020-05-31,1,145,19612.655285999997,0.0987,198709.78,2020,5,19044.219285,83607.716918,29791.423595499993
2.0,9,0,2020-06-30,1,335,19656.347802,0.0987,199152.46,2020,6,19612.655285999997,85171.949016,18872.1567265
2.0,9,0,2020-07-31,1,324,20264.261829,0.0987,205311.67,2020,7,19656.347802,17330.638248,19361.093989999998
2.0,9,0,2020-08-31,1,323,21207.506145,0.0987,214868.35,2020,8,20264.261829,18546.611391,19804.576448999997
2.0,9,0,2020-09-30,1,325,22147.956264,0.0987,224396.72,2020,9,21207.506145,19042.468346999998,20322.157768499997
2.0,9,0,2020-10-31,1,311,22682.48388,0.0987,229812.4,2020,10,22147.956264,19044.219285,20928.535201
2.0,9,0,2020-11-30,1,326,22886.886645,0.0987,231883.35,2020,11,22682.48388,19612.655285999997,21474.240427499997
2.0,9,0,2020-12-31,1,396,24407.386794,0.0987,247288.62,2020,12,22886.886645,19656.347802,22266.0802595
2.0,9,0,2021-01-31,1,326,24810.784551,0.0987,251375.73,2021,1,24407.386794,20264.261829,23023.834046499996
2.0,9,0,2021-02-28,1,311,25287.748353,0.0987,256208.19,2021,2,24810.784551,21207.506145,23703.8744145
2.0,9,0,2021-03-31,1,311,25767.415548,0.0987,261068.04,2021,3,25287.748353,22147.956264,24307.1176285
2.0,9,0,2021-04-30,1,326,26556.448022999997,0.0987,269062.29,2021,4,25767.415548,22682.48388,24952.778319
2.0,9,0,2021-05-31,1,311,27405.716121,0.0987,277666.83,2021,5,26556.448022999997,22886.886645,25705.916565000003
2.0,9,0,2021-06-30,1,311,28115.100657,0.0987,284854.11,2021,6,27405.716121,24407.386794,26323.8688755
2.0,9,0,2021-07-31,1,311,29280.026159999998,0.0987,296656.8,2021,7,28115.100657,24810.784551,27068.742477000003
2.0,9,0,2021-08-31,1,315,29627.744286,0.0987,300179.78,2021,8,29280.026159999998,25287.748353,27792.075132500002
2.0,9,0,2021-09-30,1,329,30317.836919999998,0.0987,307171.6,2021,9,29627.744286,25767.415548,28550.478694499994
2.0,9,0,2021-10-31,1,330,31769.464208999994,0.0987,321879.06999999995,2021,10,30317.836919999998,26556.448022999997,29419.314725499997
2.0,9,0,2021-11-30,1,321,33075.10728899999,0.0987,335107.47,2021,11,31769.464208999994,27405.716121,30364.2132535
2.0,9,0,2021-12-31,1,316,34302.126936,0.0987,347539.28,2021,12,33075.10728899999,28115.100657,31395.384299999994
2.0,9,0,2022-01-31,1,328,34543.770198000006,0.0987,349987.54000000004,2022,1,34302.126936,29280.026159999998,32272.674972999997
2.0,9,0,2022-02-28,1,320,34557.923778,0.0987,350130.94,2022,2,34543.770198000006,29627.744286,33094.371555
2.0,9,0,2022-03-31,1,317,35580.848604,0.0987,360494.92,2022,3,34557.923778,30317.836919999998,33971.54016899999
2.0,9,0,2022-04-30,1,319,34581.245600999995,0.0987,350367.23,2022,4,35580.848604,31769.464208999994,34440.170401
2.0,9,0,2022-05-31,1,326,35034.88758,0.0987,354963.4,2022,5,34581.245600999995,33075.10728899999,34766.8004495
2.0,9,0,2022-06-30,1,311,50927.057222999996,0.0987,515978.29,2022,6,35034.88758,34302.126936,37537.622164
2.0,9,0,2022-07-31,1,327,51390.390555,0.0987,520672.65,2022,7,50927.057222999996,34543.770198000006,40345.3922235
2.0,9,0,2022-08-31,1,314,52163.95970099999,0.0987,528510.23,2022,8,51390.390555,34557.923778,43279.731544
2.0,9,0,2022-09-30,1,311,51613.115988,0.0987,522929.24,2022,9,52163.95970099999,35580.848604,45951.776108
2.0,9,0,2022-10-31,1,311,55580.23516499999,0.0987,563122.95,2022,10,51613.115988,34581.245600999995,49451.607702
2.0,9,0,2022-11-30,1,311,54843.670623,0.0987,555660.29,2022,11,55580.23516499999,35034.88758,52753.071542499994
2.0,9,0,2022-12-31,1,311,52745.71822799999,0.0987,534404.44,2022,12,54843.670623,50927.057222999996,53056.18171
2.0,9,0,2023-01-31,1,397,56665.852257,0.0987,574122.11,2023,1,52745.71822799999,51390.390555,53935.425327
2.0,9,0,2023-02-28,1,341,57943.512899999994,0.0987,587067.0,2023,2,56665.852257,52163.95970099999,54898.6841935
2.0,9,0,2023-03-31,1,341,59936.664648,0.0987,607261.04,2023,3,57943.512899999994,51613.115988,56285.94230349999
2.0,9,0,2023-04-30,1,334,61904.731791000006,0.0987,627200.93,2023,4,59936.664648,55580.23516499999,57340.0250745
2.0,9,0,2023-05-31,1,341,63468.55235699999,0.0987,643045.11,2023,5,61904.731791000006,54843.670623,58777.5053635
2.0,9,0,2023-06-30,1,311,63601.826967,0.0987,644395.41,2023,6,63468.55235699999,52745.71822799999,60586.85681999999
2.0,9,0,2023-07-31,1,318,63543.116259,0.0987,643800.5700000001,2023,7,63601.826967,56665.852257,61733.067487
2.0,9,0,2023-08-31,1,322,64866.24996599999,0.0987,657206.1799999999,2023,8,63543.116259,57943.512899999994,62886.856997999996
2.0,9,0,2023-09-30,1,326,66985.490964,0.0987,678677.72,2023,9,64866.24996599999,59936.664648,64061.661384
2.0,9,0,2023-10-31,1,341,67306.556142,0.0987,681930.66,2023,10,66985.490964,61904.731791000006,64961.9654425
2.0,9,0,2023-11-30,1,341,66499.843536,0.0987,673757.28,2023,11,67306.556142,63468.55235699999,65467.180639
2.0,9,0,2023-12-31,1,341,67007.74090499998,0.0987,678903.1499999999,2023,12,66499.843536,63601.826967,66034.832962
2.0,9,0,2024-01-31,1,311,71358.69056399999,0.0987,722985.72,2024,1,67007.74090499998,63543.116259,67337.4286795
2.0,9,0,2024-02-29,1,310,71846.59920899999,0.0987,727929.07,2024,2,71358.69056399999,64866.24996599999,68500.82022
2.0,9,0,2024-03-31,1,341,75027.13663200001,0.0987,760153.3600000001,2024,3,71846.59920899999,66985.490964,69841.09449799999
2.0,9,0,2024-04-30,1,311,74466.345933,0.0987,754471.5900000001,2024,4,75027.13663200001,67306.556142,71034.39279649999
2.0,9,0,2024-05-31,1,396,76957.21019700001,0.0987,779708.31,2024,5,74466.345933,66499.843536,72777.28723999999
2.0,9,0,2024-06-30,1,313,75950.529417,0.0987,769508.91,2024,6,76957.21019700001,67007.74090499998,74267.751992
2.0,9,0,2024-07-31,1,341,79325.309427,0.0987,803701.2100000001,2024,7,75950.529417,71358.69056399999,75595.5218025
2.0,9,0,2024-08-31,1,312,79807.366149,0.0987,808585.27,2024,8,79325.309427,71846.59920899999,76922.3162925
2.0,9,0,2024-09-30,1,341,81300.49678799999,0.0987,823713.24,2024,9,79807.366149,75027.13663200001,77967.87631850001
3.0,0,0,2020-01-31,1,420,15662.542368,0.0892,175589.04,2020,1,81300.49678799999,74466.345933,68167.24239099999
3.0,0,0,2020-02-29,1,419,16761.476556,0.0892,187908.93,2020,2,15662.542368,76957.21019700001,58134.620117499995
3.0,0,0,2020-03-31,1,422,17209.606652,0.0892,192932.81,2020,3,16761.476556,75950.529417,48344.46632333333
3.0,0,0,2020-04-30,1,421,17211.18906,0.0892,192950.55,2020,4,17209.606652,79325.309427,37992.112928833325
3.0,0,0,2020-05-31,1,421,17724.912376,0.0892,198709.78,2020,5,17211.18906,79807.366149,27645.037299999996
3.0,0,0,2020-06-30,1,103,17764.399432,0.0892,199152.46,2020,6,17724.912376,81300.49678799999,17055.687740666664
3.0,0,0,2020-07-31,1,252,18313.800964000002,0.0892,205311.67,2020,7,17764.399432,15662.542368,17497.564173333336
3.0,0,0,2020-08-31,1,266,19166.256820000002,0.0892,214868.35,2020,8,18313.800964000002,16761.476556,17898.360883999998
3.0,0,0,2020-09-30,1,392,20016.187424,0.0892,224396.72,2020,9,19166.256820000002,17209.606652,18366.124346
3.0,0,0,2020-10-31,1,393,20499.26608,0.0892,229812.4,2020,10,20016.187424,17211.18906,18914.13718266667
3.0,0,0,2020-11-30,1,44,20683.99482,0.0892,231883.35,2020,11,20499.26608,17724.912376,19407.317590000002
3.0,0,0,2020-12-31,1,45,22058.144904,0.0892,247288.62,2020,12,20683.99482,17764.399432,20122.941835333335
3.0,0,0,2021-01-31,1,143,22422.715116000003,0.0892,251375.73,2021,1,22058.144904,18313.800964000002,20807.760860666665
3.0,0,0,2021-02-28,1,69,22853.770548,0.0892,256208.19,2021,2,22422.715116000003,19166.256820000002,21422.346481999997
3.0,0,0,2021-03-31,1,379,23287.269168000003,0.0892,261068.04,2021,3,22853.770548,20016.187424,21967.526772666668
3.0,0,0,2021-04-30,1,271,24000.356268,0.0892,269062.29,2021,4,23287.269168000003,20499.26608,22551.041804000004
3.0,0,0,2021-05-31,1,415,24767.881236,0.0892,277666.83,2021,5,24000.356268,20683.99482,23231.689540000003
3.0,0,0,2021-06-30,1,414,25408.986612,0.0892,284854.11,2021,6,24767.881236,22058.144904,23790.163158
3.0,0,0,2021-07-31,1,70,26461.78656,0.0892,296656.8,2021,7,25408.986612,22422.715116000003,24463.341732
3.0,0,0,2021-08-31,1,71,26776.036376000004,0.0892,300179.78,2021,8,26461.78656,22853.770548,25117.052703333335
3.0,0,0,2021-09-30,1,416,27399.70672,0.0892,307171.6,2021,9,26776.036376000004,23287.269168000003,25802.458962
3.0,0,0,2021-10-31,1,416,28711.613043999994,0.0892,321879.06999999995,2021,10,27399.70672,24000.356268,26587.668424666666
3.0,0,0,2021-11-30,1,417,29891.586323999996,0.0892,335107.47,2021,11,28711.613043999994,24767.881236,27441.619272666667
3.0,0,0,2021-12-31,1,417,31000.503776,0.0892,347539.28,2021,12,29891.586323999996,25408.986612,28373.5388
3.0,0,0,2022-01-31,1,418,31218.888568000002,0.0892,349987.54000000004,2022,1,31000.503776,26461.78656,29166.389134666664
3.0,0,0,2022-02-28,1,418,31231.679848,0.0892,350130.94,2022,2,31218.888568000002,26776.036376000004,29908.996379999997
3.0,0,0,2022-03-31,1,16,32156.146864,0.0892,360494.92,2022,3,31231.679848,27399.70672,30701.736404
3.0,0,0,2022-04-30,1,272,31252.756916,0.0892,350367.23,2022,4,32156.146864,28711.613043999994,31125.260382666664
3.0,0,0,2022-05-31,1,361,31662.735280000004,0.0892,354963.4,2022,5,31252.756916,29891.586323999996,31420.451875333336
3.0,0,0,2022-06-30,1,360,46025.263468,0.0892,515978.29,2022,6,31662.735280000004,31000.503776,33924.57849066667
3.0,0,0,2022-07-31,1,337,46444.000380000005,0.0892,520672.65,2022,7,46025.263468,31218.888568000002,36462.097126
3.0,0,0,2022-08-31,1,336,47143.112516,0.0892,528510.23,2022,8,46444.000380000005,31231.679848,39114.00257066667
3.0,0,0,2022-09-30,1,197,46645.288208,0.0892,522929.24,2022,9,47143.112516,32156.146864,41528.85946133333
3.0,0,0,2022-10-31,1,252,50230.56714,0.0892,563122.95,2022,10,46645.288208,31252.756916,44691.827832
3.0,0,0,2022-11-30,1,236,49564.89786800001,0.0892,555660.29,2022,11,50230.56714,31662.735280000004,47675.521596666666
3.0,0,0,2022-12-31,1,386,47668.876048,0.0892,534404.44,2022,12,49564.89786800001,46025.263468,47949.45702666667
3.0,0,0,2023-01-31,1,380,51211.692212,0.0892,574122.11,2023,1,47668.876048,46444.000380000005,48744.072332
3.0,0,0,2023-02-28,1,271,52366.3764,0.0892,587067.0,2023,2,51211.692212,47143.112516,49614.61631266667
3.0,0,0,2023-03-31,1,267,54167.68476800001,0.0892,607261.04,2023,3,52366.3764,46645.288208,50868.349072666664
3.0,0,0,2023-04-30,1,229,55946.322956,0.0892,627200.93,2023,4,54167.68476800001,50230.56714,51820.975042000005
3.0,0,0,2023-05-31,1,230,57359.623812,0.0892,643045.11,2023,5,55946.322956,49564.89786800001,53120.09603266666
3.0,0,0,2023-06-30,1,194,57480.070572000004,0.0892,644395.41,2023,6,57359.623812,47668.876048,54755.29512
3.0,0,0,2023-07-31,1,66,57427.010844000004,0.0892,643800.5700000001,2023,7,57480.070572000004,51211.692212,55791.18155866667
3.0,0,0,2023-08-31,1,66,58622.791256,0.0892,657206.1799999999,2023,8,57427.010844000004,52366.3764,56833.917368
3.0,0,0,2023-09-30,1,66,60538.052623999996,0.0892,678677.72,2023,9,58622.791256,54167.68476800001,57895.645344
3.0,0,0,2023-10-31,1,79,60828.214872000004,0.0892,681930.66,2023,10,60538.052623999996,55946.322956,58709.29399666667
3.0,0,0,2023-11-30,1,79,60099.149376,0.0892,673757.28,2023,11,60828.214872000004,57359.623812,59165.88159066668
3.0,0,0,2023-12-31,1,79,60558.16097999999,0.0892,678903.1499999999,2023,12,60099.149376,57480.070572000004,59678.89665866667
3.0,0,0,2024-01-31,1,157,64490.326224,0.0892,722985.72,2024,1,60558.16097999999,57427.010844000004,60856.11588866666
3.0,0,0,2024-02-29,1,157,64931.273043999994,0.0892,727929.07,2024,2,64490.326224,58622.791256,61907.529520000004
3.0,0,0,2024-03-31,1,157,67805.67971200001,0.0892,760153.3600000001,2024,3,64931.273043999994,60538.052623999996,63118.800701333326
3.0,0,0,2024-04-30,1,309,67298.86582800001,0.0892,754471.5900000001,2024,4,67805.67971200001,60828.214872000004,64197.24252733334
3.0,0,0,2024-05-31,1,160,69549.98125200001,0.0892,779708.31,2024,5,67298.86582800001,60099.149376,65772.38117333333
3.0,0,0,2024-06-30,1,260,68640.194772,0.0892,769508.91,2024,6,69549.98125200001,60558.16097999999,67119.38680533333
3.0,0,0,2024-07-31,1,102,71690.147932,0.0892,803701.2100000001,2024,7,68640.194772,64490.326224,68319.35709
3.0,0,0,2024-08-31,1,87,72125.806084,0.0892,808585.27,2024,8,71690.147932,64931.273043999994,69518.44593
3.0,0,0,2024-09-30,1,207,73475.221008,0.0892,823713.24,2024,9,72125.806084,67805.67971200001,70463.36947933334
4.0,36,0,2020-01-31,1,175,2317.775328,0.0132,175589.04,2020,1,73475.221008,67298.86582800001,59633.187729333345
4.0,36,0,2020-02-29,1,222,2480.397876,0.0132,187908.93,2020,2,2317.775328,69549.98125200001,48454.923833333334
4.0,36,0,2020-03-31,1,102,2546.713092,0.0132,192932.81,2020,3,2480.397876,68640.194772,37439.34355333333
4.0,36,0,2020-04-30,1,221,2546.94726,0.0132,192950.55,2020,4,2546.713092,71690.147932,25915.476774666662
4.0,36,0,2020-05-31,1,303,2622.969096,0.0132,198709.78,2020,5,2546.94726,72125.806084,14331.67061
4.0,36,0,2020-06-30,1,160,2628.812472,0.0132,199152.46,2020,6,2622.969096,73475.221008,2523.935854
4.0,36,0,2020-07-31,1,218,2710.1140440000004,0.0132,205311.67,2020,7,2628.812472,2317.775328,2589.32564
4.0,36,0,2020-08-31,1,252,2836.26222,0.0132,214868.35,2020,8,2710.1140440000004,2480.397876,2648.636364
4.0,36,0,2020-09-30,1,85,2962.036704,0.0132,224396.72,2020,9,2836.26222,2546.713092,2717.856966
4.0,36,0,2020-10-31,1,190,3033.52368,0.0132,229812.4,2020,10,2962.036704,2546.94726,2798.9530360000003
4.0,36,0,2020-11-30,1,66,3060.86022,0.0132,231883.35,2020,11,3033.52368,2622.969096,2871.93489
4.0,36,0,2020-12-31,1,79,3264.209784,0.0132,247288.62,2020,12,3060.86022,2628.812472,2977.834442
4.0,36,0,2021-01-31,1,406,3318.1596360000003,0.0132,251375.73,2021,1,3264.209784,2710.1140440000004,3079.1753740000004
4.0,36,0,2021-02-28,1,411,3381.948108,0.0132,256208.19,2021,2,3318.1596360000003,2836.26222,3170.1230219999998
4.0,36,0,2021-03-31,1,170,3446.098128,0.0132,261068.04,2021,3,3381.948108,2962.036704,3250.799926
4.0,36,0,2021-04-30,1,178,3551.6222279999997,0.0132,269062.29,2021,4,3446.098128,3033.52368,3337.149684
4.0,36,0,2021-05-31,1,128,3665.2021560000003,0.0132,277666.83,2021,5,3551.6222279999997,3060.86022,3437.87334
4.0,36,0,2021-06-30,1,304,3760.074252,0.0132,284854.11,2021,6,3665.2021560000003,3264.209784,3520.517418
4.0,36,0,2021-07-31,1,183,3915.86976,0.0132,296656.8,2021,7,3760.074252,3318.1596360000003,3620.135772
4.0,36,0,2021-08-31,1,258,3962.3730960000003,0.0132,300179.78,2021,8,3915.86976,3381.948108,3716.87327
4.0,36,0,2021-09-30,1,88,4054.6651199999997,0.0132,307171.6,2021,9,3962.3730960000003,3446.098128,3818.301102
4.0,36,0,2021-10-31,1,187,4248.803723999999,0.0132,321879.06999999995,2021,10,4054.6651199999997,3551.6222279999997,3934.498018
4.0,36,0,2021-11-30,1,204,4423.4186039999995,0.0132,335107.47,2021,11,4248.803723999999,3665.2021560000003,4060.8674259999993
4.0,36,0,2021-12-31,1,217,4587.518496000001,0.0132,347539.28,2021,12,4423.4186039999995,3760.074252,4198.7748
4.0,36,0,2022-01-31,1,221,4619.8355280000005,0.0132,349987.54000000004,2022,1,4587.518496000001,3915.86976,4316.102427999999
4.0,36,0,2022-02-28,1,105,4621.728408,0.0132,350130.94,2022,2,4619.8355280000005,3962.3730960000003,4425.99498
4.0,36,0,2022-03-31,1,307,4758.532944,0.0132,360494.92,2022,3,4621.728408,4054.6651199999997,4543.306283999999
4.0,36,0,2022-04-30,1,146,4624.847436,0.0132,350367.23,2022,4,4758.532944,4248.803723999999,4605.980236
4.0,36,0,2022-05-31,1,210,4685.51688,0.0132,354963.4,2022,5,4624.847436,4423.4186039999995,4649.663282
4.0,36,0,2022-06-30,1,355,6810.913428,0.0132,515978.29,2022,6,4685.51688,4587.518496000001,5020.229104
4.0,36,0,2022-07-31,1,248,6872.87898,0.0132,520672.65,2022,7,6810.913428,4619.8355280000005,5395.736346000001
4.0,36,0,2022-08-31,1,85,6976.3350359999995,0.0132,528510.23,2022,8,6872.87898,4621.728408,5788.170783999999
4.0,36,0,2022-09-30,1,186,6902.665968,0.0132,522929.24,2022,9,6976.3350359999995,4758.532944,6145.526288
4.0,36,0,2022-10-31,1,218,7433.22294,0.0132,563122.95,2022,10,6902.665968,4624.847436,6613.588872
4.0,36,0,2022-11-30,1,223,7334.715828,0.0132,555660.29,2022,11,7433.22294,4685.51688,7055.1220299999995
4.0,36,0,2022-12-31,1,255,7054.138607999999,0.0132,534404.44,2022,12,7334.715828,6810.913428,7095.65956
4.0,36,0,2023-01-31,1,85,7578.411852,0.0132,574122.11,2023,1,7054.138607999999,6872.87898,7213.248372000001
4.0,36,0,2023-02-28,1,218,7749.2844,0.0132,587067.0,2023,2,7578.411852,6976.3350359999995,7342.073265999999
4.0,36,0,2023-03-31,1,259,8015.845728,0.0132,607261.04,2023,3,7749.2844,6902.665968,7527.603225999999
4.0,36,0,2023-04-30,1,107,8279.052276,0.0132,627200.93,2023,4,8015.845728,7433.22294,7668.574782
4.0,36,0,2023-05-31,1,308,8488.195452,0.0132,643045.11,2023,5,8279.052276,7334.715828,7860.821386
4.0,36,0,2023-06-30,1,149,8506.019412,0.0132,644395.41,2023,6,8488.195452,7054.138607999999,8102.80152
4.0,36,0,2023-07-31,1,213,8498.167524,0.0132,643800.5700000001,2023,7,8506.019412,7578.411852,8256.094132
4.0,36,0,2023-08-31,1,201,8675.121576,0.0132,657206.1799999999,2023,8,8498.167524,7749.2844,8410.400328000002
4.0,36,0,2023-09-30,1,254,8958.545903999999,0.0132,678677.72,2023,9,8675.121576,8015.845728,8567.517024
4.0,36,0,2023-10-31,1,86,9001.484712,0.0132,681930.66,2023,10,8958.545903999999,8279.052276,8687.92243
4.0,36,0,2023-11-30,1,219,8893.596096000001,0.0132,673757.28,2023,11,9001.484712,8488.195452,8755.489204
4.0,36,0,2023-12-31,1,188,8961.521579999999,0.0132,678903.1499999999,2023,12,8893.596096000001,8506.019412,8831.406232
4.0,36,0,2024-01-31,1,252,9543.411504,0.0132,722985.72,2024,1,8961.521579999999,8498.167524,9005.613562
4.0,36,0,2024-02-29,1,85,9608.663724,0.0132,727929.07,2024,2,9543.411504,8675.121576,9161.20392
4.0,36,0,2024-03-31,1,218,10034.024352000002,0.0132,760153.3600000001,2024,3,9608.663724,8958.545903999999,9340.450328
4.0,36,0,2024-04-30,1,173,9959.024988000001,0.0132,754471.5900000001,2024,4,10034.024352000002,9001.484712,9500.040374
4.0,36,0,2024-05-31,1,240,10292.149692,0.0132,779708.31,2024,5,9959.024988000001,8893.596096000001,9733.13264
4.0,36,0,2024-06-30,1,241,10157.517612,0.0132,769508.91,2024,6,10292.149692,8961.521579999999,9932.465312000002
4.0,36,0,2024-07-31,1,252,10608.855972000001,0.0132,803701.2100000001,2024,7,10157.517612,9543.411504,10110.03939
4.0,36,0,2024-08-31,1,85,10673.325564,0.0132,808585.27,2024,8,10608.855972000001,9608.663724,10287.483030000001
4.0,36,0,2024-09-30,1,218,10873.014768,0.0132,823713.24,2024,9,10673.325564,10034.024352000002,10427.314766
5.0,18,0,2020-01-31,1,172,5636.408184,0.0321,175589.04,2020,1,10873.014768,9959.024988000001,9706.878632
5.0,18,0,2020-02-29,1,256,6031.876652999999,0.0321,187908.93,2020,2,5636.408184,10292.149692,8996.8331255
5.0,18,0,2020-03-31,1,85,6193.143200999999,0.0321,192932.81,2020,3,6031.876652999999,10157.517612,8336.104056999999
5.0,18,0,2020-04-30,1,218,6193.712654999999,0.0321,192950.55,2020,4,6193.143200999999,10608.855972000001,7600.2468375
5.0,18,0,2020-05-31,1,189,6378.583937999999,0.0321,198709.78,2020,5,6193.712654999999,10673.325564,6884.4565665
5.0,18,0,2020-06-30,1,106,6392.793965999999,0.0321,199152.46,2020,6,6378.583937999999,10873.014768,6137.753099499999
5.0,18,0,2020-07-31,1,303,6590.504607,0.0321,205311.67,2020,7,6392.793965999999,5636.408184,6296.76917
5.0,18,0,2020-08-31,1,207,6897.2740349999995,0.0321,214868.35,2020,8,6590.504607,6031.876652999999,6441.002067
5.0,18,0,2020-09-30,1,180,7203.134711999999,0.0321,224396.72,2020,9,6897.2740349999995,6193.143200999999,6609.3339855
5.0,18,0,2020-10-31,1,109,7376.978039999999,0.0321,229812.4,2020,10,7203.134711999999,6193.712654999999,6806.544882999999
5.0,18,0,2020-11-30,1,306,7443.455534999999,0.0321,231883.35,2020,11,7376.978039999999,6378.583937999999,6984.0234825
5.0,18,0,2020-12-31,1,181,7937.964701999999,0.0321,247288.62,2020,12,7443.455534999999,6392.793965999999,7241.5519385
5.0,18,0,2021-01-31,1,214,8069.160932999999,0.0321,251375.73,2021,1,7937.964701999999,6590.504607,7487.994659499999
5.0,18,0,2021-02-28,1,113,8224.282899,0.0321,256208.19,2021,2,8069.160932999999,6897.2740349999995,7709.1628034999985
5.0,18,0,2021-03-31,1,303,8380.284083999999,0.0321,261068.04,2021,3,8224.282899,7203.134711999999,7905.3543654999985
5.0,18,0,2021-04-30,1,143,8636.899508999999,0.0321,269062.29,2021,4,8380.284083999999,7376.978039999999,8115.3412769999995
5.0,18,0,2021-05-31,1,216,8913.105243,0.0321,277666.83,2021,5,8636.899508999999,7443.455534999999,8360.282894999998
5.0,18,0,2021-06-30,1,90,9143.816931,0.0321,284854.11,2021,6,8913.105243,7937.964701999999,8561.258266499999
5.0,18,0,2021-07-31,1,249,9522.68328,0.0321,296656.8,2021,7,9143.816931,8069.160932999999,8803.511991
5.0,18,0,2021-08-31,1,160,9635.770938,0.0321,300179.78,2021,8,9522.68328,8224.282899,9038.7599975
5.0,18,0,2021-09-30,1,224,9860.208359999999,0.0321,307171.6,2021,9,9635.770938,8380.284083999999,9285.414043499999
5.0,18,0,2021-10-31,1,174,10332.318146999998,0.0321,321879.06999999995,2021,10,9860.208359999999,8636.899508999999,9567.983816499998
5.0,18,0,2021-11-30,1,127,10756.949786999998,0.0321,335107.47,2021,11,10332.318146999998,8913.105243,9875.291240499999
5.0,18,0,2021-12-31,1,170,11156.010887999999,0.0321,347539.28,2021,12,10756.949786999998,9143.816931,10210.6569
5.0,18,0,2022-01-31,1,202,11234.600034,0.0321,349987.54000000004,2022,1,11156.010887999999,9522.68328,10495.976358999998
5.0,18,0,2022-02-28,1,265,11239.203173999998,0.0321,350130.94,2022,2,11234.600034,9635.770938,10763.215064999999
5.0,18,0,2022-03-31,1,218,11571.886931999998,0.0321,360494.92,2022,3,11239.203173999998,9860.208359999999,11048.494826999997
5.0,18,0,2022-04-30,1,252,11246.788082999998,0.0321,350367.23,2022,4,11571.886931999998,10332.318146999998,11200.906482999999
5.0,18,0,2022-05-31,1,85,11394.325139999999,0.0321,354963.4,2022,5,11246.788082999998,10756.949786999998,11307.135708499998
5.0,18,0,2022-06-30,1,190,16562.903109,0.0321,515978.29,2022,6,11394.325139999999,11156.010887999999,12208.284411999999
5.0,18,0,2022-07-31,1,218,16713.592065,0.0321,520672.65,2022,7,16562.903109,11234.600034,13121.449750499998
5.0,18,0,2022-08-31,1,208,16965.178383,0.0321,528510.23,2022,8,16713.592065,11239.203173999998,14075.778951999999
5.0,18,0,2022-09-30,1,252,16786.028604,0.0321,522929.24,2022,9,16965.178383,11571.886931999998,14944.802564
5.0,18,0,2022-10-31,1,100,18076.246694999998,0.0321,563122.95,2022,10,16786.028604,11246.788082999998,16083.045665999998
5.0,18,0,2022-11-30,1,85,17836.695309,0.0321,555660.29,2022,11,18076.246694999998,11394.325139999999,17156.7740275
5.0,18,0,2022-12-31,1,305,17154.382523999997,0.0321,534404.44,2022,12,17836.695309,16562.903109,17255.35393
5.0,18,0,2023-01-31,1,190,18429.319730999996,0.0321,574122.11,2023,1,17154.382523999997,16713.592065,17541.308541
5.0,18,0,2023-02-28,1,169,18844.8507,0.0321,587067.0,2023,2,18429.319730999996,16965.178383,17854.587260499997
5.0,18,0,2023-03-31,1,252,19493.079384,0.0321,607261.04,2023,3,18844.8507,16786.028604,18305.762390499996
5.0,18,0,2023-04-30,1,85,20133.149853,0.0321,627200.93,2023,4,19493.079384,18076.246694999998,18648.5795835
5.0,18,0,2023-05-31,1,218,20641.748031,0.0321,643045.11,2023,5,20133.149853,17836.695309,19116.088370499998
5.0,18,0,2023-06-30,1,185,20685.092661,0.0321,644395.41,2023,6,20641.748031,17154.382523999997,19704.54006
5.0,18,0,2023-07-31,1,115,20665.998297,0.0321,643800.5700000001,2023,7,20685.092661,18429.319730999996,20077.319820999997
5.0,18,0,2023-08-31,1,207,21096.318377999996,0.0321,657206.1799999999,2023,8,20665.998297,18844.8507,20452.564434
5.0,18,0,2023-09-30,1,303,21785.554812,0.0321,678677.72,2023,9,21096.318377999996,19493.079384,20834.643672
5.0,18,0,2023-10-31,1,182,21889.974186,0.0321,681930.66,2023,10,21785.554812,20133.149853,21127.4477275
5.0,18,0,2023-11-30,1,207,21627.608688,0.0321,673757.28,2023,11,21889.974186,20641.748031,21291.757836999997
5.0,18,0,2023-12-31,1,302,21792.791114999996,0.0321,678903.1499999999,2023,12,21627.608688,20685.092661,21476.374245999996
5.0,18,0,2024-01-31,1,285,23207.841611999997,0.0321,722985.72,2024,1,21792.791114999996,20665.998297,21900.014798499997
5.0,18,0,2024-02-29,1,285,23366.523146999996,0.0321,727929.07,2024,2,23207.841611999997,21096.318377999996,22278.38226
5.0,18,0,2024-03-31,1,302,24400.922856,0.0321,760153.3600000001,2024,3,23366.523146999996,21785.554812,22714.276933999998
5.0,18,0,2024-04-30,1,385,24218.538039,0.0321,754471.5900000001,2024,4,24400.922856,21889.974186,23102.370909499998
5.0,18,0,2024-05-31,1,270,25028.636751,0.0321,779708.31,2024,5,24218.538039,21627.608688,23669.20892
5.0,18,0,2024-06-30,1,277,24701.236010999997,0.0321,769508.91,2024,6,25028.636751,21792.791114999996,24153.949736
5.0,18,0,2024-07-31,1,274,25798.808841,0.0321,803701.2100000001,2024,7,24701.236010999997,23207.841611999997,24585.7776075
5.0,18,0,2024-08-31,1,269,25955.587166999998,0.0321,808585.27,2024,8,25798.808841,23366.523146999996,25017.2882775
5.0,18,0,2024-09-30,1,269,26441.195003999997,0.0321,823713.24,2024,9,25955.587166999998,24400.922856,25357.333635499996
6.0,16,0,2020-01-31,1,274,10113.928704,0.0576,175589.04,2020,1,26441.195003999997,24218.538039,23006.565413
6.0,16,0,2020-02-29,1,273,10823.554368,0.0576,187908.93,2020,2,10113.928704,25028.636751,20639.051682499998
6.0,16,0,2020-03-31,1,269,11112.929855999999,0.0576,192932.81,2020,3,10823.554368,24701.236010999997,18374.33399
6.0,16,0,2020-04-30,1,67,11113.951679999998,0.0576,192950.55,2020,4,11112.929855999999,25798.808841,15926.857796499999
6.0,16,0,2020-05-31,1,80,11445.683328,0.0576,198709.78,2020,5,11113.951679999998,25955.587166999998,13508.54049
6.0,16,0,2020-06-30,1,82,11471.181696,0.0576,199152.46,2020,6,11445.683328,26441.195003999997,11013.538272
6.0,16,0,2020-07-31,1,268,11825.952192,0.0576,205311.67,2020,7,11471.181696,10113.928704,11298.87552
6.0,16,0,2020-08-31,1,367,12376.41696,0.0576,214868.35,2020,8,11825.952192,10823.554368,11557.685952
6.0,16,0,2020-09-30,1,367,12925.251072,0.0576,224396.72,2020,9,12376.41696,11112.929855999999,11859.739488
6.0,16,0,2020-10-31,1,74,13237.194239999999,0.0576,229812.4,2020,10,12925.251072,11113.951679999998,12213.613248
6.0,16,0,2020-11-30,1,367,13356.48096,0.0576,231883.35,2020,11,13237.194239999999,11445.683328,12532.07952
6.0,16,0,2020-12-31,1,252,14243.824512,0.0576,247288.62,2020,12,13356.48096,11471.181696,12994.186656
6.0,16,0,2021-01-31,1,252,14479.242048,0.0576,251375.73,2021,1,14243.824512,11825.952192,13436.401632000001
6.0,16,0,2021-02-28,1,252,14757.591744,0.0576,256208.19,2021,2,14479.242048,12376.41696,13833.264095999999
6.0,16,0,2021-03-31,1,64,15037.519104,0.0576,261068.04,2021,3,14757.591744,12925.251072,14185.308768
6.0,16,0,2021-04-30,1,64,15497.987903999998,0.0576,269062.29,2021,4,15037.519104,13237.194239999999,14562.107711999999
6.0,16,0,2021-05-31,1,81,15993.609408,0.0576,277666.83,2021,5,15497.987903999998,13356.48096,15001.62912
6.0,16,0,2021-06-30,1,83,16407.596736,0.0576,284854.11,2021,6,15993.609408,14243.824512,15362.257824
6.0,16,0,2021-07-31,1,291,17087.431679999998,0.0576,296656.8,2021,7,16407.596736,14479.242048,15796.956096
6.0,16,0,2021-08-31,1,358,17290.355328,0.0576,300179.78,2021,8,17087.431679999998,14757.591744,16219.083359999999
6.0,16,0,2021-09-30,1,300,17693.08416,0.0576,307171.6,2021,9,17290.355328,15037.519104,16661.677536
6.0,16,0,2021-10-31,1,293,18540.234431999997,0.0576,321879.06999999995,2021,10,17693.08416,15497.987903999998,17168.718624
6.0,16,0,2021-11-30,1,398,19302.190271999996,0.0576,335107.47,2021,11,18540.234431999997,15993.609408,17720.148768
6.0,16,0,2021-12-31,1,293,20018.262528,0.0576,347539.28,2021,12,19302.190271999996,16407.596736,18321.926399999997
6.0,16,0,2022-01-31,1,398,20159.282304,0.0576,349987.54000000004,2022,1,20018.262528,17087.431679999998,18833.901503999998
6.0,16,0,2022-02-28,1,293,20167.542144,0.0576,350130.94,2022,2,20159.282304,17290.355328,19313.432639999995
6.0,16,0,2022-03-31,1,398,20764.507392,0.0576,360494.92,2022,3,20167.542144,17693.08416,19825.336511999998
6.0,16,0,2022-04-30,1,293,20181.152447999997,0.0576,350367.23,2022,4,20764.507392,18540.234431999997,20098.822848
6.0,16,0,2022-05-31,1,398,20445.89184,0.0576,354963.4,2022,5,20181.152447999997,19302.190271999996,20289.439776
6.0,16,0,2022-06-30,1,240,29720.349503999998,0.0576,515978.29,2022,6,20445.89184,20018.262528,21906.454272
6.0,16,0,2022-07-31,1,241,29990.74464,0.0576,520672.65,2022,7,29720.349503999998,20159.282304,23545.031327999997
6.0,16,0,2022-08-31,1,296,30442.189248,0.0576,528510.23,2022,8,29990.74464,20167.542144,25257.472511999997
6.0,16,0,2022-09-30,1,401,30120.724223999998,0.0576,522929.24,2022,9,30442.189248,20764.507392,26816.841984
6.0,16,0,2022-10-31,1,295,32435.881919999996,0.0576,563122.95,2022,10,30120.724223999998,20181.152447999997,28859.296895999996
6.0,16,0,2022-11-30,1,400,32006.032704,0.0576,555660.29,2022,11,32435.881919999996,20445.89184,30785.987039999996
6.0,16,0,2022-12-31,1,294,30781.695743999997,0.0576,534404.44,2022,12,32006.032704,29720.349503999998,30962.87808
6.0,16,0,2023-01-31,1,399,33069.433536,0.0576,574122.11,2023,1,30781.695743999997,29990.74464,31475.992895999996
6.0,16,0,2023-02-28,1,297,33815.059199999996,0.0576,587067.0,2023,2,33069.433536,30442.189248,32038.137887999997
6.0,16,0,2023-03-31,1,402,34978.235904,0.0576,607261.04,2023,3,33815.059199999996,30120.724223999998,32847.723168
6.0,16,0,2023-04-30,1,299,36126.773568000004,0.0576,627200.93,2023,4,34978.235904,32435.881919999996,33462.87177599999
6.0,16,0,2023-05-31,1,404,37039.398336,0.0576,643045.11,2023,5,36126.773568000004,32006.032704,34301.766048
6.0,16,0,2023-06-30,1,301,37117.175616,0.0576,644395.41,2023,6,37039.398336,30781.695743999997,35357.67936
6.0,16,0,2023-07-31,1,298,37082.912832,0.0576,643800.5700000001,2023,7,37117.175616,33069.433536,36026.592576
6.0,16,0,2023-08-31,1,403,37855.075968,0.0576,657206.1799999999,2023,8,37082.912832,33815.059199999996,36699.928704
6.0,16,0,2023-09-30,1,288,39091.836672,0.0576,678677.72,2023,9,37855.075968,34978.235904,37385.528832
6.0,16,0,2023-10-31,1,292,39279.206016000004,0.0576,681930.66,2023,10,39091.836672,36126.773568000004,37910.93424
6.0,16,0,2023-11-30,1,252,38808.419328,0.0576,673757.28,2023,11,39279.206016000004,37039.398336,38205.771071999996
6.0,16,0,2023-12-31,1,252,39104.82143999999,0.0576,678903.1499999999,2023,12,38808.419328,37117.175616,38537.045376
6.0,16,0,2024-01-31,1,252,41643.977472,0.0576,722985.72,2024,1,39104.82143999999,37082.912832,39297.222816
6.0,16,0,2024-02-29,1,398,41928.71443199999,0.0576,727929.07,2024,2,41643.977472,37855.075968,39976.16256
6.0,16,0,2024-03-31,1,357,43784.833536000006,0.0576,760153.3600000001,2024,3,41928.71443199999,39091.836672,40758.328704
6.0,16,0,2024-04-30,1,398,43457.563584,0.0576,754471.5900000001,2024,4,43784.833536000006,39279.206016000004,41454.721632
6.0,16,0,2024-05-31,1,398,44911.198656,0.0576,779708.31,2024,5,43457.563584,38808.419328,42471.851520000004
6.0,16,0,2024-06-30,1,357,44323.713216000004,0.0576,769508.91,2024,6,44911.198656,39104.82143999999,43341.666816000004
6.0,16,0,2024-07-31,1,357,46293.189696,0.0576,803701.2100000001,2024,7,44323.713216000004,41643.977472,44116.535520000005
6.0,16,0,2024-08-31,1,398,46574.511551999996,0.0576,808585.27,2024,8,46293.189696,41928.71443199999,44890.83504
6.0,16,0,2024-09-30,1,240,47445.882624,0.0576,823713.24,2024,9,46574.511551999996,43784.833536000006,45501.009888
7.0,6,0,2020-01-31,1,240,4354.608192,0.0248,175589.04,2020,1,47445.882624,43457.563584,38983.850656
7.0,6,0,2020-02-29,1,252,4660.141463999999,0.0248,187908.93,2020,2,4354.608192,44911.198656,32275.341124
7.0,6,0,2020-03-31,1,252,4784.733687999999,0.0248,192932.81,2020,3,4660.141463999999,44323.713216000004,25685.511202666665
7.0,6,0,2020-04-30,1,252,4785.17364,0.0248,192950.55,2020,4,4784.733687999999,46293.189696,18767.50852666667
7.0,6,0,2020-05-31,1,252,4928.002544,0.0248,198709.78,2020,5,4785.17364,46574.511551999996,11826.423691999998
7.0,6,0,2020-06-30,1,252,4938.981008,0.0248,199152.46,2020,6,4928.002544,47445.882624,4741.940089333333
7.0,6,0,2020-07-31,1,171,5091.729416,0.0248,205311.67,2020,7,4938.981008,4354.608192,4864.793626666667
7.0,6,0,2020-08-31,1,252,5328.73508,0.0248,214868.35,2020,8,5091.729416,4660.141463999999,4976.225896
7.0,6,0,2020-09-30,1,253,5565.038656,0.0248,224396.72,2020,9,5328.73508,4784.733687999999,5106.276723999999
7.0,6,0,2020-10-31,1,398,5699.347519999999,0.0248,229812.4,2020,10,5565.038656,4785.17364,5258.639037333333
7.0,6,0,2020-11-30,1,398,5750.70708,0.0248,231883.35,2020,11,5699.347519999999,4928.002544,5395.75646
7.0,6,0,2020-12-31,1,398,6132.7577759999995,0.0248,247288.62,2020,12,5750.70708,4938.981008,5594.7192546666665
7.0,6,0,2021-01-31,1,398,6234.118104,0.0248,251375.73,2021,1,6132.7577759999995,5091.729416,5785.117369333333
7.0,6,0,2021-02-28,1,398,6353.9631119999995,0.0248,256208.19,2021,2,6234.118104,5328.73508,5955.988708
7.0,6,0,2021-03-31,1,398,6474.487392,0.0248,261068.04,2021,3,6353.9631119999995,5565.038656,6107.5634973333335
7.0,6,0,2021-04-30,1,398,6672.7447919999995,0.0248,269062.29,2021,4,6474.487392,5699.347519999999,6269.796375999999
7.0,6,0,2021-05-31,1,171,6886.137384000001,0.0248,277666.83,2021,5,6672.7447919999995,5750.70708,6459.03476
7.0,6,0,2021-06-30,1,171,7064.381928,0.0248,284854.11,2021,6,6886.137384000001,6132.7577759999995,6614.305452
7.0,6,0,2021-07-31,1,290,7357.088639999999,0.0248,296656.8,2021,7,7064.381928,6234.118104,6801.467207999999
7.0,6,0,2021-08-31,1,289,7444.458544,0.0248,300179.78,2021,8,7357.088639999999,6353.9631119999995,6983.216446666666
7.0,6,0,2021-09-30,1,289,7617.855679999999,0.0248,307171.6,2021,9,7444.458544,6474.487392,7173.777827999999
7.0,6,0,2021-10-31,1,244,7982.600935999998,0.0248,321879.06999999995,2021,10,7617.855679999999,6672.7447919999995,7392.087185333333
7.0,6,0,2021-11-30,1,252,8310.665255999998,0.0248,335107.47,2021,11,7982.600935999998,6886.137384000001,7629.508497333332
7.0,6,0,2021-12-31,1,252,8618.974144,0.0248,347539.28,2021,12,8310.665255999998,7064.381928,7888.6071999999995
7.0,6,0,2022-01-31,1,356,8679.690992,0.0248,349987.54000000004,2022,1,8618.974144,7357.088639999999,8109.040925333332
7.0,6,0,2022-02-28,1,398,8683.247312,0.0248,350130.94,2022,2,8679.690992,7444.458544,8315.50572
7.0,6,0,2022-03-31,1,398,8940.274016,0.0248,360494.92,2022,3,8683.247312,7617.855679999999,8535.908775999998
7.0,6,0,2022-04-30,1,252,8689.107304,0.0248,350367.23,2022,4,8940.274016,7982.600935999998,8653.659837333333
7.0,6,0,2022-05-31,1,64,8803.09232,0.0248,354963.4,2022,5,8689.107304,8310.665255999998,8735.731014666666
7.0,6,0,2022-06-30,1,67,12796.261591999999,0.0248,515978.29,2022,6,8803.09232,8618.974144,9431.945589333332
7.0,6,0,2022-07-31,1,67,12912.68172,0.0248,520672.65,2022,7,12796.261591999999,8679.690992,10137.444044
7.0,6,0,2022-08-31,1,67,13107.053704,0.0248,528510.23,2022,8,12912.68172,8683.247312,10874.745109333333
7.0,6,0,2022-09-30,1,398,12968.645152,0.0248,522929.24,2022,9,13107.053704,8940.274016,11546.140298666665
7.0,6,0,2022-10-31,1,409,13965.449159999998,0.0248,563122.95,2022,10,12968.645152,8689.107304,12425.530608
7.0,6,0,2022-11-30,1,68,13780.375192000001,0.0248,555660.29,2022,11,13965.449159999998,8803.09232,13255.077753333333
7.0,6,0,2022-12-31,1,409,13253.230111999997,0.0248,534404.44,2022,12,13780.375192000001,12796.261591999999,13331.23917333333
7.0,6,0,2023-01-31,1,409,14238.228328,0.0248,574122.11,2023,1,13253.230111999997,12912.68172,13552.163608
7.0,6,0,2023-02-28,1,68,14559.2616,0.0248,587067.0,2023,2,14238.228328,13107.053704,13794.198257333332
7.0,6,0,2023-03-31,1,252,15060.073792000001,0.0248,607261.04,2023,3,14559.2616,12968.645152,14142.769697333331
7.0,6,0,2023-04-30,1,68,15554.583064,0.0248,627200.93,2023,4,15060.073792000001,13965.449159999998,14407.625348000001
7.0,6,0,2023-05-31,1,68,15947.518728,0.0248,643045.11,2023,5,15554.583064,13780.375192000001,14768.815937333333
7.0,6,0,2023-06-30,1,398,15981.006168,0.0248,644395.41,2023,6,15947.518728,13253.230111999997,15223.44528
7.0,6,0,2023-07-31,1,203,15966.254136000001,0.0248,643800.5700000001,2023,7,15981.006168,14238.228328,15511.449581333332
7.0,6,0,2023-08-31,1,252,16298.713263999998,0.0248,657206.1799999999,2023,8,15966.254136000001,14559.2616,15801.358192
7.0,6,0,2023-09-30,1,203,16831.207456,0.0248,678677.72,2023,9,16298.713263999998,15060.073792000001,16096.547136
7.0,6,0,2023-10-31,1,398,16911.880368000002,0.0248,681930.66,2023,10,16831.207456,15554.583064,16322.763353333334
7.0,6,0,2023-11-30,1,207,16709.180544,0.0248,673757.28,2023,11,16911.880368000002,15947.518728,16449.706989333336
7.0,6,0,2023-12-31,1,398,16836.798119999996,0.0248,678903.1499999999,2023,12,16709.180544,15981.006168,16592.338981333334
7.0,6,0,2024-01-31,1,218,17930.045855999997,0.0248,722985.72,2024,1,16836.798119999996,15966.254136000001,16919.637601333332
7.0,6,0,2024-02-29,1,53,18052.640936,0.0248,727929.07,2024,2,17930.045855999997,16298.713263999998,17211.95888
7.0,6,0,2024-03-31,1,53,18851.803328,0.0248,760153.3600000001,2024,3,18052.640936,16831.207456,17548.72485866667
7.0,6,0,2024-04-30,1,252,18710.895432,0.0248,754471.5900000001,2024,4,18851.803328,16911.880368000002,17848.560702666666
7.0,6,0,2024-05-31,1,252,19336.766088,0.0248,779708.31,2024,5,18710.895432,16709.180544,18286.491626666666
7.0,6,0,2024-06-30,1,398,19083.820968,0.0248,769508.91,2024,6,19336.766088,16836.798119999996,18660.995434666667
7.0,6,0,2024-07-31,1,207,19931.790008,0.0248,803701.2100000001,2024,7,19083.820968,17930.045855999997,18994.619459999998
7.0,6,0,2024-08-31,1,207,20052.914696,0.0248,808585.27,2024,8,19931.790008,18052.640936,19327.99842
7.0,6,0,2024-09-30,1,398,20428.088352,0.0248,823713.24,2024,9,20052.914696,18851.803328,19590.712590666666
8.0,30,0,2020-01-31,1,218,7216.709544,0.0411,175589.04,2020,1,20428.088352,18710.895432,17675.014942666665
8.0,30,0,2020-02-29,1,218,7723.057022999999,0.0411,187908.93,2020,2,7216.709544,19336.766088,15739.396765166666
8.0,30,0,2020-03-31,1,240,7929.538490999999,0.0411,192932.81,2020,3,7723.057022999999,19083.820968,13880.349685666666
8.0,30,0,2020-04-30,1,240,7930.267604999999,0.0411,192950.55,2020,4,7929.538490999999,19931.790008,11880.095951833333
8.0,30,0,2020-05-31,1,289,8166.971957999999,0.0411,198709.78,2020,5,7930.267604999999,20052.914696,9899.105495499998
8.0,30,0,2020-06-30,1,207,8185.166105999999,0.0411,199152.46,2020,6,8166.971957999999,20428.088352,7858.618454499999
8.0,30,0,2020-07-31,1,398,8438.309637,0.0411,205311.67,2020,7,8185.166105999999,7216.709544,8062.21847
8.0,30,0,2020-08-31,1,64,8831.089184999999,0.0411,214868.35,2020,8,8438.309637,7723.057022999999,8246.890496999999
8.0,30,0,2020-09-30,1,406,9222.705192,0.0411,224396.72,2020,9,8831.089184999999,7929.538490999999,8462.4182805
8.0,30,0,2020-10-31,1,68,9445.289639999999,0.0411,229812.4,2020,10,9222.705192,7930.267604999999,8714.921953
8.0,30,0,2020-11-30,1,387,9530.405685,0.0411,231883.35,2020,11,9445.289639999999,8166.971957999999,8942.1609075
8.0,30,0,2020-12-31,1,276,10163.562281999999,0.0411,247288.62,2020,12,9530.405685,8185.166105999999,9271.893603499999
8.0,30,0,2021-01-31,1,46,10331.542503,0.0411,251375.73,2021,1,10163.562281999999,8438.309637,9587.4324145
8.0,30,0,2021-02-28,1,137,10530.156609,0.0411,256208.19,2021,2,10331.542503,8831.089184999999,9870.6103185
8.0,30,0,2021-03-31,1,381,10729.896444,0.0411,261068.04,2021,3,10530.156609,9222.705192,10121.8088605
8.0,30,0,2021-04-30,1,218,11058.460119,0.0411,269062.29,2021,4,10729.896444,9445.289639999999,10390.670607
8.0,30,0,2021-05-31,1,143,11412.106713,0.0411,277666.83,2021,5,11058.460119,9530.405685,10704.287445
8.0,30,0,2021-06-30,1,383,11707.503921,0.0411,284854.11,2021,6,11412.106713,10163.562281999999,10961.611051499998
8.0,30,0,2021-07-31,1,218,12192.594479999998,0.0411,296656.8,2021,7,11707.503921,10331.542503,11271.786380999998
8.0,30,0,2021-08-31,1,143,12337.388958,0.0411,300179.78,2021,8,12192.594479999998,10530.156609,11572.9917725
8.0,30,0,2021-09-30,1,384,12624.752759999998,0.0411,307171.6,2021,9,12337.388958,10729.896444,11888.801158499999
8.0,30,0,2021-10-31,1,218,13229.229776999997,0.0411,321879.06999999995,2021,10,12624.752759999998,11058.460119,12250.596101499998
8.0,30,0,2021-11-30,1,143,13772.917016999998,0.0411,335107.47,2021,11,13229.229776999997,11412.106713,12644.064485499997
8.0,30,0,2021-12-31,1,93,14283.864408,0.0411,347539.28,2021,12,13772.917016999998,11707.503921,13073.4579
8.0,30,0,2022-01-31,1,390,14384.487894,0.0411,349987.54000000004,2022,1,14283.864408,12192.594479999998,13438.773468999998
8.0,30,0,2022-02-28,1,207,14390.381634,0.0411,350130.94,2022,2,14384.487894,12337.388958,13780.938914999999
8.0,30,0,2022-03-31,1,143,14816.341212,0.0411,360494.92,2022,3,14390.381634,12624.752759999998,14146.203656999998
8.0,30,0,2022-04-30,1,382,14400.093152999998,0.0411,350367.23,2022,4,14816.341212,13229.229776999997,14341.347553
8.0,30,0,2022-05-31,1,0,14588.99574,0.0411,354963.4,2022,5,14400.093152999998,13772.917016999998,14477.3606735
8.0,30,0,2022-06-30,1,147,21206.707718999998,0.0411,515978.29,2022,6,14588.99574,14283.864408,15631.167891999998
8.0,30,0,2022-07-31,1,108,21399.645915,0.0411,520672.65,2022,7,21206.707718999998,14384.487894,16800.360895499998
8.0,30,0,2022-08-31,1,389,21721.770452999997,0.0411,528510.23,2022,8,21399.645915,14390.381634,18022.259031999998
8.0,30,0,2022-09-30,1,389,21492.391764,0.0411,522929.24,2022,9,21721.770452999997,14816.341212,19134.934124
8.0,30,0,2022-10-31,1,207,23144.353245,0.0411,563122.95,2022,10,21492.391764,14400.093152999998,20592.310805999998
8.0,30,0,2022-11-30,1,207,22837.637919,0.0411,555660.29,2022,11,23144.353245,14588.99574,21967.0845025
8.0,30,0,2022-12-31,1,179,21964.022483999997,0.0411,534404.44,2022,12,22837.637919,21206.707718999998,22093.30363
8.0,30,0,2023-01-31,1,179,23596.418721,0.0411,574122.11,2023,1,21964.022483999997,21399.645915,22459.432430999997
8.0,30,0,2023-02-28,1,257,24128.4537,0.0411,587067.0,2023,2,23596.418721,21721.770452999997,22860.5463055
8.0,30,0,2023-03-31,1,218,24958.428744,0.0411,607261.04,2023,3,24128.4537,21492.391764,23438.2191355
8.0,30,0,2023-04-30,1,218,25777.958223,0.0411,627200.93,2023,4,24958.428744,23144.353245,23877.153298499998
8.0,30,0,2023-05-31,1,184,26429.154021,0.0411,643045.11,2023,5,25777.958223,22837.637919,24475.7393155
8.0,30,0,2023-06-30,1,184,26484.651351,0.0411,644395.41,2023,6,26429.154021,21964.022483999997,25229.177460000003
8.0,30,0,2023-07-31,1,205,26460.203427,0.0411,643800.5700000001,2023,7,26484.651351,23596.418721,25706.474911
8.0,30,0,2023-08-31,1,108,27011.173997999995,0.0411,657206.1799999999,2023,8,26460.203427,24128.4537,26186.928293999998
8.0,30,0,2023-09-30,1,108,27893.654291999996,0.0411,678677.72,2023,9,27011.173997999995,24958.428744,26676.132551999995
8.0,30,0,2023-10-31,1,257,28027.350126,0.0411,681930.66,2023,10,27893.654291999996,25777.958223,27051.0312025
8.0,30,0,2023-11-30,1,257,27691.424208,0.0411,673757.28,2023,11,28027.350126,26429.154021,27261.409567
8.0,30,0,2023-12-31,1,278,27902.919464999995,0.0411,678903.1499999999,2023,12,27691.424208,26484.651351,27497.787585999995
8.0,30,0,2024-01-31,1,388,29714.713091999998,0.0411,722985.72,2024,1,27902.919464999995,26460.203427,28040.205863499996
8.0,30,0,2024-02-29,1,207,29917.884776999996,0.0411,727929.07,2024,2,29714.713091999998,27011.173997999995,28524.657659999997
8.0,30,0,2024-03-31,1,97,31242.303096000003,0.0411,760153.3600000001,2024,3,29917.884776999996,27893.654291999996,29082.765794000003
8.0,30,0,2024-04-30,1,4,31008.782349,0.0411,754471.5900000001,2024,4,31242.303096000003,28027.350126,29579.6711645
8.0,30,0,2024-05-31,1,10,32046.011541,0.0411,779708.31,2024,5,31008.782349,27691.424208,30305.435719999998
8.0,30,0,2024-06-30,1,11,31626.816200999998,0.0411,769508.91,2024,6,32046.011541,27902.919464999995,30926.085175999997
8.0,30,0,2024-07-31,1,18,33032.119731,0.0411,803701.2100000001,2024,7,31626.816200999998,29714.713091999998,31478.986282500002
8.0,30,0,2024-08-31,1,13,33232.854597,0.0411,808585.27,2024,8,33032.119731,29917.884776999996,32031.4812525
8.0,30,0,2024-09-30,1,17,33854.614164,0.0411,823713.24,2024,9,33232.854597,31242.303096000003,32466.8664305
9.0,35,0,2020-01-31,1,6,2932.336968,0.0167,175589.04,2020,1,33854.614164,31008.782349,27787.458866999998
9.0,35,0,2020-02-29,1,3,3138.079131,0.0167,187908.93,2020,2,2932.336968,32046.011541,22969.470132
9.0,35,0,2020-03-31,1,19,3221.977927,0.0167,192932.81,2020,3,3138.079131,31626.816200999998,18235.330419666665
9.0,35,0,2020-04-30,1,9,3222.2741849999998,0.0167,192950.55,2020,4,3221.977927,33032.119731,13267.022828666666
9.0,35,0,2020-05-31,1,8,3318.453326,0.0167,198709.78,2020,5,3222.2741849999998,33232.854597,8281.2892835
9.0,35,0,2020-06-30,1,7,3325.8460819999996,0.0167,199152.46,2020,6,3318.453326,33854.614164,3193.1612698333333
9.0,35,0,2020-07-31,1,2,3428.704889,0.0167,205311.67,2020,7,3325.8460819999996,2932.336968,3275.889256666667
9.0,35,0,2020-08-31,1,192,3588.301445,0.0167,214868.35,2020,8,3428.704889,3138.079131,3350.9263090000004
9.0,35,0,2020-09-30,1,177,3747.425224,0.0167,224396.72,2020,9,3588.301445,3221.977927,3438.5008584999996
9.0,35,0,2020-10-31,1,150,3837.86708,0.0167,229812.4,2020,10,3747.425224,3222.2741849999998,3541.099674333333
9.0,35,0,2020-11-30,1,153,3872.451945,0.0167,231883.35,2020,11,3837.86708,3318.453326,3633.4327775
9.0,35,0,2020-12-31,1,152,4129.719954,0.0167,247288.62,2020,12,3872.451945,3325.8460819999996,3767.4117561666667
9.0,35,0,2021-01-31,1,196,4197.974691,0.0167,251375.73,2021,1,4129.719954,3428.704889,3895.6233898333335
9.0,35,0,2021-02-28,1,195,4278.676773,0.0167,256208.19,2021,2,4197.974691,3588.301445,4010.6859444999996
9.0,35,0,2021-03-31,1,252,4359.836268,0.0167,261068.04,2021,3,4278.676773,3747.425224,4112.754451833333
9.0,35,0,2021-04-30,1,114,4493.340243,0.0167,269062.29,2021,4,4359.836268,3837.86708,4221.999979
9.0,35,0,2021-05-31,1,143,4637.036061,0.0167,277666.83,2021,5,4493.340243,3872.451945,4349.430665
9.0,35,0,2021-06-30,1,252,4757.063636999999,0.0167,284854.11,2021,6,4637.036061,4129.719954,4453.9879455
9.0,35,0,2021-07-31,1,184,4954.16856,0.0167,296656.8,2021,7,4757.063636999999,4197.974691,4580.020257
9.0,35,0,2021-08-31,1,1,5013.002326000001,0.0167,300179.78,2021,8,4954.16856,4278.676773,4702.407849166667
9.0,35,0,2021-09-30,1,179,5129.765719999999,0.0167,307171.6,2021,9,5013.002326000001,4359.836268,4830.729424499999
9.0,35,0,2021-10-31,1,252,5375.380468999999,0.0167,321879.06999999995,2021,10,5129.765719999999,4493.340243,4977.736128833333
9.0,35,0,2021-11-30,1,184,5596.294749,0.0167,335107.47,2021,11,5375.380468999999,4637.036061,5137.612576833333
9.0,35,0,2021-12-31,1,252,5803.905976,0.0167,347539.28,2021,12,5596.294749,4757.063636999999,5312.0863
9.0,35,0,2022-01-31,1,185,5844.791918000001,0.0167,349987.54000000004,2022,1,5803.905976,4954.16856,5460.523526333333
9.0,35,0,2022-02-28,1,114,5847.1866979999995,0.0167,350130.94,2022,2,5844.791918000001,5013.002326000001,5599.554255
9.0,35,0,2022-03-31,1,252,6020.2651639999995,0.0167,360494.92,2022,3,5847.1866979999995,5129.765719999999,5747.970829000001
9.0,35,0,2022-04-30,1,143,5851.132740999999,0.0167,350367.23,2022,4,6020.2651639999995,5375.380468999999,5827.2628743333335
9.0,35,0,2022-05-31,1,103,5927.88878,0.0167,354963.4,2022,5,5851.132740999999,5596.294749,5882.528546166667
9.0,35,0,2022-06-30,1,143,8616.837442999999,0.0167,515978.29,2022,6,5927.88878,5803.905976,6351.350457333334
9.0,35,0,2022-07-31,1,252,8695.233255000001,0.0167,520672.65,2022,7,8616.837442999999,5844.791918000001,6826.4240135
9.0,35,0,2022-08-31,1,103,8826.120841,0.0167,528510.23,2022,8,8695.233255000001,5847.1866979999995,7322.913037333333
9.0,35,0,2022-09-30,1,143,8732.918308,0.0167,522929.24,2022,9,8826.120841,6020.2651639999995,7775.0218946666655
9.0,35,0,2022-10-31,1,252,9404.153264999999,0.0167,563122.95,2022,10,8732.918308,5851.132740999999,8367.191982
9.0,35,0,2022-11-30,1,143,9279.526843,0.0167,555660.29,2022,11,9404.153264999999,5927.88878,8925.798325833333
9.0,35,0,2022-12-31,1,252,8924.554148,0.0167,534404.44,2022,12,9279.526843,8616.837442999999,8977.084443333333
9.0,35,0,2023-01-31,1,143,9587.839237,0.0167,574122.11,2023,1,8924.554148,8695.233255000001,9125.852106999999
9.0,35,0,2023-02-28,1,370,9804.0189,0.0167,587067.0,2023,2,9587.839237,8826.120841,9288.835116833334
9.0,35,0,2023-03-31,1,143,10141.259368,0.0167,607261.04,2023,3,9804.0189,8732.918308,9523.558626833334
9.0,35,0,2023-04-30,1,371,10474.255531,0.0167,627200.93,2023,4,10141.259368,9404.153264999999,9701.9090045
9.0,35,0,2023-05-31,1,143,10738.853336999999,0.0167,643045.11,2023,5,10474.255531,9279.526843,9945.130086833333
9.0,35,0,2023-06-30,1,252,10761.403347,0.0167,644395.41,2023,6,10738.853336999999,8924.554148,10251.27162
9.0,35,0,2023-07-31,1,143,10751.469519,0.0167,643800.5700000001,2023,7,10761.403347,9587.839237,10445.210000333334
9.0,35,0,2023-08-31,1,103,10975.343205999998,0.0167,657206.1799999999,2023,8,10751.469519,9804.0189,10640.430718
9.0,35,0,2023-09-30,1,252,11333.917924,0.0167,678677.72,2023,9,10975.343205999998,10141.259368,10839.207144
9.0,35,0,2023-10-31,1,143,11388.242022,0.0167,681930.66,2023,10,11333.917924,10474.255531,10991.538225833332
9.0,35,0,2023-11-30,1,371,11251.746576,0.0167,673757.28,2023,11,11388.242022,10738.853336999999,11077.020432333333
9.0,35,0,2023-12-31,1,372,11337.682604999998,0.0167,678903.1499999999,2023,12,11251.746576,10761.403347,11173.066975333333
9.0,35,0,2024-01-31,1,114,12073.861524,0.0167,722985.72,2024,1,11337.682604999998,10751.469519,11393.465642833333
9.0,35,0,2024-02-29,1,143,12156.415469,0.0167,727929.07,2024,2,12073.861524,10975.343205999998,11590.31102
9.0,35,0,2024-03-31,1,118,12694.561112000001,0.0167,760153.3600000001,2024,3,12156.415469,11333.917924,11817.084884666665
9.0,35,0,2024-04-30,1,163,12599.675553000001,0.0167,754471.5900000001,2024,4,12694.561112000001,11388.242022,12018.990473166667
9.0,35,0,2024-05-31,1,119,13021.128777,0.0167,779708.31,2024,5,12599.675553000001,11251.746576,12313.887506666666
9.0,35,0,2024-06-30,1,164,12850.798797,0.0167,769508.91,2024,6,13021.128777,11337.682604999998,12566.073538666666
9.0,35,0,2024-07-31,1,117,13421.810207,0.0167,803701.2100000001,2024,7,12850.798797,12073.861524,12790.7316525
9.0,35,0,2024-08-31,1,162,13503.374009,0.0167,808585.27,2024,8,13421.810207,12156.415469,13015.2247425
9.0,35,0,2024-09-30,1,120,13756.011107999999,0.0167,823713.24,2024,9,13503.374009,12694.561112000001,13192.133075166668
10.0,15,0,2020-01-31,1,165,17594.021808,0.1002,175589.04,2020,1,13756.011107999999,12599.675553000001,14024.524117666666
10.0,15,0,2020-02-29,1,116,18828.474786,0.1002,187908.93,2020,2,17594.021808,13021.128777,14992.415119166668
10.0,15,0,2020-03-31,1,161,19331.867562,0.1002,192932.81,2020,3,18828.474786,12850.798797,16072.593246666665
10.0,15,0,2020-04-30,1,250,19333.645109999998,0.1002,192950.55,2020,4,19331.867562,13421.810207,17057.89906383333
10.0,15,0,2020-05-31,1,251,19910.719956,0.1002,198709.78,2020,5,19333.645109999998,13503.374009,18125.790055
10.0,15,0,2020-06-30,1,112,19955.076492,0.1002,199152.46,2020,6,19910.719956,13756.011107999999,19158.967619
10.0,15,0,2020-07-31,1,159,20572.229334,0.1002,205311.67,2020,7,19955.076492,17594.021808,19655.33554
10.0,15,0,2020-08-31,1,126,21529.80867,0.1002,214868.35,2020,8,20572.229334,18828.474786,20105.557854
10.0,15,0,2020-09-30,1,168,22484.551344,0.1002,224396.72,2020,9,21529.80867,19331.867562,20631.005151
10.0,15,0,2020-10-31,1,124,23027.20248,0.1002,229812.4,2020,10,22484.551344,19333.645109999998,21246.598046
10.0,15,0,2020-11-30,1,166,23234.71167,0.1002,231883.35,2020,11,23027.20248,19910.719956,21800.596665
10.0,15,0,2020-12-31,1,125,24778.319723999997,0.1002,247288.62,2020,12,23234.71167,19955.076492,22604.470537
10.0,15,0,2021-01-31,1,167,25187.848146,0.1002,251375.73,2021,1,24778.319723999997,20572.229334,23373.740339
10.0,15,0,2021-02-28,1,123,25672.060638,0.1002,256208.19,2021,2,25187.848146,21529.80867,24064.115667000002
10.0,15,0,2021-03-31,1,144,26159.017608000002,0.1002,261068.04,2021,3,25672.060638,22484.551344,24676.526711
10.0,15,0,2021-04-30,1,122,26960.041457999996,0.1002,269062.29,2021,4,26159.017608000002,23027.20248,25331.999874
10.0,15,0,2021-05-31,1,191,27822.216366,0.1002,277666.83,2021,5,26960.041457999996,23234.71167,26096.58399
10.0,15,0,2021-06-30,1,110,28542.381822,0.1002,284854.11,2021,6,27822.216366,24778.319723999997,26723.927673
10.0,15,0,2021-07-31,1,111,29725.011359999997,0.1002,296656.8,2021,7,28542.381822,25187.848146,27480.121541999997
10.0,15,0,2021-08-31,1,114,30078.013956000003,0.1002,300179.78,2021,8,29725.011359999997,25672.060638,28214.447095
10.0,15,0,2021-09-30,1,114,30778.594319999997,0.1002,307171.6,2021,9,30078.013956000003,26159.017608000002,28984.376546999996
10.0,15,0,2021-10-31,1,252,32252.282813999995,0.1002,321879.06999999995,2021,10,30778.594319999997,26960.041457999996,29866.416773
10.0,15,0,2021-11-30,1,252,33577.768493999996,0.1002,335107.47,2021,11,32252.282813999995,27822.216366,30825.675460999995
10.0,15,0,2021-12-31,1,286,34823.435856000004,0.1002,347539.28,2021,12,33577.768493999996,28542.381822,31872.517799999998
10.0,15,0,2022-01-31,1,370,35068.751508,0.1002,349987.54000000004,2022,1,34823.435856000004,29725.011359999997,32763.141158
10.0,15,0,2022-02-28,1,228,35083.120188,0.1002,350130.94,2022,2,35068.751508,30078.013956000003,33597.325529999995
10.0,15,0,2022-03-31,1,371,36121.590983999995,0.1002,360494.92,2022,3,35083.120188,30778.594319999997,34487.824973999996
10.0,15,0,2022-04-30,1,371,35106.796446,0.1002,350367.23,2022,4,36121.590983999995,32252.282813999995,34963.577246
10.0,15,0,2022-05-31,1,60,35567.33268,0.1002,354963.4,2022,5,35106.796446,33577.768493999996,35295.171277
10.0,15,0,2022-06-30,1,193,51701.024657999995,0.1002,515978.29,2022,6,35567.33268,34823.435856000004,38108.102743999996
10.0,15,0,2022-07-31,1,114,52171.39953,0.1002,520672.65,2022,7,51701.024657999995,35068.751508,40958.544081
10.0,15,0,2022-08-31,1,252,52956.725046,0.1002,528510.23,2022,8,52171.39953,35083.120188,43937.478224
10.0,15,0,2022-09-30,1,99,52397.509847999994,0.1002,522929.24,2022,9,52956.725046,36121.590983999995,46650.131368
10.0,15,0,2022-10-31,1,101,56424.91958999999,0.1002,563122.95,2022,10,52397.509847999994,35106.796446,50203.151891999994
10.0,15,0,2022-11-30,1,252,55677.161058000005,0.1002,555660.29,2022,11,56424.91958999999,35567.33268,53554.78995500001
10.0,15,0,2022-12-31,1,252,53547.324887999996,0.1002,534404.44,2022,12,55677.161058000005,51701.024657999995,53862.50665999999
10.0,15,0,2023-01-31,1,101,57527.03542199999,0.1002,574122.11,2023,1,53547.324887999996,52171.39953,54755.11264199999
10.0,15,0,2023-02-28,1,132,58824.1134,0.1002,587067.0,2023,2,57527.03542199999,52956.725046,55733.010701
10.0,15,0,2023-03-31,1,43,60847.556208,0.1002,607261.04,2023,3,58824.1134,52397.509847999994,57141.351761
10.0,15,0,2023-04-30,1,353,62845.533186,0.1002,627200.93,2023,4,60847.556208,56424.91958999999,58211.454027
10.0,15,0,2023-05-31,1,89,64433.120021999996,0.1002,643045.11,2023,5,62845.533186,55677.161058000005,59670.780521
10.0,15,0,2023-06-30,1,354,64568.420082000004,0.1002,644395.41,2023,6,64433.120021999996,53547.324887999996,61507.62972
10.0,15,0,2023-07-31,1,56,64508.817114000005,0.1002,643800.5700000001,2023,7,64568.420082000004,57527.03542199999,62671.260002
10.0,15,0,2023-08-31,1,240,65852.05923599999,0.1002,657206.1799999999,2023,8,64508.817114000005,58824.1134,63842.58430799999
10.0,15,0,2023-09-30,1,351,68003.507544,0.1002,678677.72,2023,9,65852.05923599999,60847.556208,65035.24286399999
10.0,15,0,2023-10-31,1,72,68329.452132,0.1002,681930.66,2023,10,68003.507544,62845.533186,65949.229355
10.0,15,0,2023-11-30,1,132,67510.479456,0.1002,673757.28,2023,11,68329.452132,64433.120021999996,66462.122594
10.0,15,0,2023-12-31,1,43,68026.09563,0.1002,678903.1499999999,2023,12,67510.479456,64568.420082000004,67038.401852
10.0,15,0,2024-01-31,1,353,72443.169144,0.1002,722985.72,2024,1,68026.09563,64508.817114000005,68360.793857
10.0,15,0,2024-02-29,1,89,72938.492814,0.1002,727929.07,2024,2,72443.169144,65852.05923599999,69541.86612
10.0,15,0,2024-03-31,1,231,76167.366672,0.1002,760153.3600000001,2024,3,72938.492814,68003.507544,70902.509308
10.0,15,0,2024-04-30,1,132,75598.053318,0.1002,754471.5900000001,2024,4,76167.366672,68329.452132,72113.942839
10.0,15,0,2024-05-31,1,43,78126.772662,0.1002,779708.31,2024,5,75598.053318,67510.479456,73883.32504000001
10.0,15,0,2024-06-30,1,353,77104.792782,0.1002,769508.91,2024,6,78126.772662,68026.09563,75396.441232
10.0,15,0,2024-07-31,1,84,80530.861242,0.1002,803701.2100000001,2024,7,77104.792782,72443.169144,76744.389915
10.0,15,0,2024-08-31,1,231,81020.244054,0.1002,808585.27,2024,8,80530.861242,72938.492814,78091.34845500001
10.0,15,0,2024-09-30,1,371,82536.06664799999,0.1002,823713.24,2024,9,81020.244054,76167.366672,79152.798451
11.0,13,0,2020-01-31,1,132,6408.99996,0.0365,175589.04,2020,1,82536.06664799999,75598.053318,67621.289558
11.0,13,0,2020-02-29,1,43,6858.675944999999,0.0365,187908.93,2020,2,6408.99996,78126.772662,55743.27343850001
11.0,13,0,2020-03-31,1,353,7042.047565,0.0365,192932.81,2020,3,6858.675944999999,77104.792782,44066.149235666664
11.0,13,0,2020-04-30,1,84,7042.695074999999,0.0365,192950.55,2020,4,7042.047565,80530.861242,31818.121541166664
11.0,13,0,2020-05-31,1,231,7252.906969999999,0.0365,198709.78,2020,5,7042.695074999999,81020.244054,19523.565360499997
11.0,13,0,2020-06-30,1,134,7269.064789999999,0.0365,199152.46,2020,6,7252.906969999999,82536.06664799999,6979.065050833332
11.0,13,0,2020-07-31,1,43,7493.875955,0.0365,205311.67,2020,7,7269.064789999999,6408.99996,7159.877716666666
11.0,13,0,2020-08-31,1,353,7842.694775,0.0365,214868.35,2020,8,7493.875955,6858.675944999999,7323.880855
11.0,13,0,2020-09-30,1,84,8190.48028,0.0365,224396.72,2020,9,7842.694775,7042.047565,7515.2863075
11.0,13,0,2020-10-31,1,231,8388.1526,0.0365,229812.4,2020,10,8190.48028,7042.695074999999,7739.529228333333
11.0,13,0,2020-11-30,1,354,8463.742275,0.0365,231883.35,2020,11,8388.1526,7252.906969999999,7941.3351125
11.0,13,0,2020-12-31,1,56,9026.03463,0.0365,247288.62,2020,12,8463.742275,7269.064789999999,8234.163419166667
11.0,13,0,2021-01-31,1,56,9175.214145,0.0365,251375.73,2021,1,9026.03463,7493.875955,8514.386450833334
11.0,13,0,2021-02-28,1,56,9351.598935,0.0365,256208.19,2021,2,9175.214145,7842.694775,8765.8704775
11.0,13,0,2021-03-31,1,240,9528.98346,0.0365,261068.04,2021,3,9351.598935,8190.48028,8988.954340833334
11.0,13,0,2021-04-30,1,240,9820.773584999999,0.0365,269062.29,2021,4,9528.98346,8388.1526,9227.724505
11.0,13,0,2021-05-31,1,351,10134.839295,0.0365,277666.83,2021,5,9820.773584999999,8463.742275,9506.240675
11.0,13,0,2021-06-30,1,351,10397.175014999999,0.0365,284854.11,2021,6,10134.839295,9026.03463,9734.7640725
11.0,13,0,2021-07-31,1,73,10827.973199999999,0.0365,296656.8,2021,7,10397.175014999999,9175.214145,10010.223915
11.0,13,0,2021-08-31,1,57,10956.56197,0.0365,300179.78,2021,8,10827.973199999999,9351.598935,10277.717754166666
11.0,13,0,2021-09-30,1,57,11211.763399999998,0.0365,307171.6,2021,9,10956.56197,9528.98346,10558.1810775
11.0,13,0,2021-10-31,1,57,11748.586054999998,0.0365,321879.06999999995,2021,10,11211.763399999998,9820.773584999999,10879.483155833332
11.0,13,0,2021-11-30,1,77,12231.422654999998,0.0365,335107.47,2021,11,11748.586054999998,10134.839295,11228.913715833332
11.0,13,0,2021-12-31,1,133,12685.18372,0.0365,347539.28,2021,12,12231.422654999998,10397.175014999999,11610.2485
11.0,13,0,2022-01-31,1,43,12774.54521,0.0365,349987.54000000004,2022,1,12685.18372,10827.973199999999,11934.677168333334
11.0,13,0,2022-02-28,1,353,12779.77931,0.0365,350130.94,2022,2,12774.54521,10956.56197,12238.546725
11.0,13,0,2022-03-31,1,84,13158.064579999998,0.0365,360494.92,2022,3,12779.77931,11211.763399999998,12562.930255
11.0,13,0,2022-04-30,1,231,12788.403894999998,0.0365,350367.23,2022,4,13158.064579999998,11748.586054999998,12736.233228333333
11.0,13,0,2022-05-31,1,132,12956.1641,0.0365,354963.4,2022,5,12788.403894999998,12231.422654999998,12857.023469166665
11.0,13,0,2022-06-30,1,132,18833.207584999996,0.0365,515978.29,2022,6,12956.1641,12685.18372,13881.694113333331
11.0,13,0,2022-07-31,1,43,19004.551725,0.0365,520672.65,2022,7,18833.207584999996,12774.54521,14920.0285325
11.0,13,0,2022-08-31,1,121,19290.623395,0.0365,528510.23,2022,8,19004.551725,12779.77931,16005.169213333333
11.0,13,0,2022-09-30,1,121,19086.91726,0.0365,522929.24,2022,9,19290.623395,13158.064579999998,16993.311326666666
11.0,13,0,2022-10-31,1,121,20553.987674999997,0.0365,563122.95,2022,10,19086.91726,12788.403894999998,18287.575289999997
11.0,13,0,2022-11-30,1,43,20281.600585,0.0365,555660.29,2022,11,20553.987674999997,12956.1641,19508.481370833335
11.0,13,0,2022-12-31,1,121,19505.762059999997,0.0365,534404.44,2022,12,20281.600585,18833.207584999996,19620.573783333333
11.0,13,0,2023-01-31,1,43,20955.457015,0.0365,574122.11,2023,1,19505.762059999997,19004.551725,19945.724664999998
11.0,13,0,2023-02-28,1,353,21427.945499999998,0.0365,587067.0,2023,2,20955.457015,19290.623395,20301.94501583333
11.0,13,0,2023-03-31,1,43,22165.02796,0.0365,607261.04,2023,3,21427.945499999998,19086.91726,20814.963465833334
11.0,13,0,2023-04-30,1,43,22892.833945000002,0.0365,627200.93,2023,4,22165.02796,20553.987674999997,21204.771177500003
11.0,13,0,2023-05-31,1,353,23471.146514999997,0.0365,643045.11,2023,5,22892.833945000002,20281.600585,21736.362165833332
11.0,13,0,2023-06-30,1,275,23520.432464999998,0.0365,644395.41,2023,6,23471.146514999997,19505.762059999997,22405.473899999997
11.0,13,0,2023-07-31,1,225,23498.720805,0.0365,643800.5700000001,2023,7,23520.432464999998,20955.457015,22829.351198333334
11.0,13,0,2023-08-31,1,75,23988.025569999994,0.0365,657206.1799999999,2023,8,23498.720805,21427.945499999998,23256.03121
11.0,13,0,2023-09-30,1,252,24771.736779999996,0.0365,678677.72,2023,9,23988.025569999994,22165.02796,23690.482679999997
11.0,13,0,2023-10-31,1,75,24890.46909,0.0365,681930.66,2023,10,24771.736779999996,22892.833945000002,24023.421870833332
11.0,13,0,2023-11-30,1,207,24592.14072,0.0365,673757.28,2023,11,24890.46909,23471.146514999997,24210.25423833333
11.0,13,0,2023-12-31,1,376,24779.964974999995,0.0365,678903.1499999999,2023,12,24592.14072,23520.432464999998,24420.17632333333
11.0,13,0,2024-01-31,1,47,26388.978779999998,0.0365,722985.72,2024,1,24779.964974999995,23498.720805,24901.88598583333
11.0,13,0,2024-02-29,1,200,26569.411054999997,0.0365,727929.07,2024,2,26388.978779999998,23988.025569999994,25332.116899999997
11.0,13,0,2024-03-31,1,199,27745.597640000004,0.0365,760153.3600000001,2024,3,26569.411054999997,24771.736779999996,25827.76037666666
11.0,13,0,2024-04-30,1,215,27538.213035,0.0365,754471.5900000001,2024,4,27745.597640000004,24890.46909,26269.051034166663
11.0,13,0,2024-05-31,1,67,28459.353315,0.0365,779708.31,2024,5,27538.213035,24592.14072,26913.586466666664
11.0,13,0,2024-06-30,1,406,28087.075215,0.0365,769508.91,2024,6,28459.353315,24779.964974999995,27464.771506666668
11.0,13,0,2024-07-31,1,156,29335.094165000002,0.0365,803701.2100000001,2024,7,28087.075215,26388.978779999998,27955.790737500003
11.0,13,0,2024-08-31,1,209,29513.362354999997,0.0365,808585.27,2024,8,29335.094165000002,26569.411054999997,28446.4492875
11.0,13,0,2024-09-30,1,220,30065.533259999997,0.0365,823713.24,2024,9,29513.362354999997,27745.597640000004,28833.105224166666
12.0,28,0,2020-01-31,1,211,12098.084856000001,0.0689,175589.04,2020,1,30065.533259999997,27538.213035,26259.750527666663
12.0,28,0,2020-02-29,1,212,12946.925277,0.0689,187908.93,2020,2,12098.084856000001,28459.353315,23674.345854666666
12.0,28,0,2020-03-31,1,66,13293.070609,0.0689,192932.81,2020,3,12946.925277,28087.075215,21208.678420333334
12.0,28,0,2020-04-30,1,409,13294.292895,0.0689,192950.55,2020,4,13293.070609,29335.094165000002,18535.211542
12.0,28,0,2020-05-31,1,158,13691.103842,0.0689,198709.78,2020,5,13294.292895,29513.362354999997,15898.168456500001
12.0,28,0,2020-06-30,1,206,13721.604494,0.0689,199152.46,2020,6,13691.103842,30065.533259999997,13174.180328833334
12.0,28,0,2020-07-31,1,198,14145.974063000001,0.0689,205311.67,2020,7,13721.604494,12098.084856000001,13515.495196666669
12.0,28,0,2020-08-31,1,375,14804.429315000001,0.0689,214868.35,2020,8,14145.974063000001,12946.925277,13825.079203000001
12.0,28,0,2020-09-30,1,47,15460.934008,0.0689,224396.72,2020,9,14804.429315000001,13293.070609,14186.3897695
12.0,28,0,2020-10-31,1,207,15834.07436,0.0689,229812.4,2020,10,15460.934008,13294.292895,14609.686680333332
12.0,28,0,2020-11-30,1,61,15976.762815000002,0.0689,231883.35,2020,11,15834.07436,13691.103842,14990.6298425
12.0,28,0,2020-12-31,1,375,17038.185918,0.0689,247288.62,2020,12,15976.762815000002,13721.604494,15543.393413166667
12.0,28,0,2021-01-31,1,207,17319.787797,0.0689,251375.73,2021,1,17038.185918,14145.974063000001,16072.362368833334
12.0,28,0,2021-02-28,1,207,17652.744291000003,0.0689,256208.19,2021,2,17319.787797,14804.429315000001,16547.0815315
12.0,28,0,2021-03-31,1,61,17987.587956000003,0.0689,261068.04,2021,3,17652.744291000003,15460.934008,16968.190522833334
12.0,28,0,2021-04-30,1,61,18538.391781,0.0689,269062.29,2021,4,17987.587956000003,15834.07436,17418.910093000002
12.0,28,0,2021-05-31,1,207,19131.244587,0.0689,277666.83,2021,5,18538.391781,15976.762815000002,17944.657055
12.0,28,0,2021-06-30,1,207,19626.448179,0.0689,284854.11,2021,6,19131.244587,17038.185918,18376.034098500004
12.0,28,0,2021-07-31,1,207,20439.65352,0.0689,296656.8,2021,7,19626.448179,17319.787797,18896.011719
12.0,28,0,2021-08-31,1,5,20682.386842000004,0.0689,300179.78,2021,8,20439.65352,17652.744291000003,19400.95214416667
12.0,28,0,2021-09-30,1,14,21164.12324,0.0689,307171.6,2021,9,20682.386842000004,17987.587956000003,19930.3746915
12.0,28,0,2021-10-31,1,78,22177.467922999997,0.0689,321879.06999999995,2021,10,21164.12324,18538.391781,20536.887381833334
12.0,28,0,2021-11-30,1,75,23088.904683,0.0689,335107.47,2021,11,22177.467922999997,19131.244587,21196.497397833333
12.0,28,0,2021-12-31,1,252,23945.456392000004,0.0689,347539.28,2021,12,23088.904683,19626.448179,21916.3321
12.0,28,0,2022-01-31,1,129,24114.141506000004,0.0689,349987.54000000004,2022,1,23945.456392000004,20439.65352,22528.746764333337
12.0,28,0,2022-02-28,1,75,24124.021766,0.0689,350130.94,2022,2,24114.141506000004,20682.386842000004,23102.352585
12.0,28,0,2022-03-31,1,252,24838.099987999998,0.0689,360494.92,2022,3,24124.021766,21164.12324,23714.682042999997
12.0,28,0,2022-04-30,1,138,24140.302147,0.0689,350367.23,2022,4,24838.099987999998,22177.467922999997,24041.821080333335
12.0,28,0,2022-05-31,1,76,24456.978260000004,0.0689,354963.4,2022,5,24140.302147,23088.904683,24269.83334316667
12.0,28,0,2022-06-30,1,252,35550.904181,0.0689,515978.29,2022,6,24456.978260000004,23945.456392000004,26204.074641333336
12.0,28,0,2022-07-31,1,138,35874.345585,0.0689,520672.65,2022,7,35550.904181,24114.141506000004,28164.1086545
12.0,28,0,2022-08-31,1,12,36414.354847,0.0689,528510.23,2022,8,35874.345585,24124.021766,30212.497501333335
12.0,28,0,2022-09-30,1,423,36029.824636,0.0689,522929.24,2022,9,36414.354847,24838.099987999998,32077.78494266667
12.0,28,0,2022-10-31,1,155,38799.171255,0.0689,563122.95,2022,10,36029.824636,24140.302147,34520.929794
12.0,28,0,2022-11-30,1,75,38284.99398100001,0.0689,555660.29,2022,11,38799.171255,24456.978260000004,36825.59908083334
12.0,28,0,2022-12-31,1,252,36820.465916,0.0689,534404.44,2022,12,38284.99398100001,35550.904181,37037.192703333334
12.0,28,0,2023-01-31,1,15,39557.013379,0.0689,574122.11,2023,1,36820.465916,35874.345585,37650.970669
12.0,28,0,2023-02-28,1,423,40448.916300000004,0.0689,587067.0,2023,2,39557.013379,36414.354847,38323.39757783333
12.0,28,0,2023-03-31,1,154,41840.28565600001,0.0689,607261.04,2023,3,40448.916300000004,36029.824636,39291.807747833336
12.0,28,0,2023-04-30,1,98,43214.144077000004,0.0689,627200.93,2023,4,41840.28565600001,38799.171255,40027.6365515
12.0,28,0,2023-05-31,1,247,44305.808079,0.0689,643045.11,2023,5,43214.144077000004,38284.99398100001,41031.105567833336
12.0,28,0,2023-06-30,1,424,44398.84374900001,0.0689,644395.41,2023,6,44305.808079,36820.465916,42294.168540000006
12.0,28,0,2023-07-31,1,154,44357.85927300001,0.0689,643800.5700000001,2023,7,44398.84374900001,39557.013379,43094.309522333344
12.0,28,0,2023-08-31,1,104,45281.505802,0.0689,657206.1799999999,2023,8,44357.85927300001,40448.916300000004,43899.741106
12.0,28,0,2023-09-30,1,424,46760.894908,0.0689,678677.72,2023,9,45281.505802,41840.28565600001,44719.84264800001
12.0,28,0,2023-10-31,1,145,46985.022474000005,0.0689,681930.66,2023,10,46760.894908,43214.144077000004,45348.322380833335
12.0,28,0,2023-11-30,1,335,46421.876592,0.0689,673757.28,2023,11,46985.022474000005,44305.808079,45701.00046633333
12.0,28,0,2023-12-31,1,324,46776.42703499999,0.0689,678903.1499999999,2023,12,46421.876592,44398.84374900001,46097.26434733334
12.0,28,0,2024-01-31,1,323,49813.716108,0.0689,722985.72,2024,1,46776.42703499999,44357.85927300001,47006.573819833335
12.0,28,0,2024-02-29,1,325,50154.312923,0.0689,727929.07,2024,2,49813.716108,45281.505802,47818.70833999999
12.0,28,0,2024-03-31,1,311,52374.56650400001,0.0689,760153.3600000001,2024,3,50154.312923,46760.894908,48754.320272666664
12.0,28,0,2024-04-30,1,326,51983.09255100001,0.0689,754471.5900000001,2024,4,52374.56650400001,46985.022474000005,49587.33195216666
12.0,28,0,2024-05-31,1,396,53721.90255900001,0.0689,779708.31,2024,5,51983.09255100001,46421.876592,50804.00294666667
12.0,28,0,2024-06-30,1,326,53019.16389900001,0.0689,769508.91,2024,6,53721.90255900001,46776.42703499999,51844.45909066667
12.0,28,0,2024-07-31,1,311,55375.01336900001,0.0689,803701.2100000001,2024,7,53019.16389900001,49813.716108,52771.34196750001
12.0,28,0,2024-08-31,1,311,55711.52510300001,0.0689,808585.27,2024,8,55375.01336900001,50154.312923,53697.54399750001
12.0,28,0,2024-09-30,1,326,56753.842236000004,0.0689,823713.24,2024,9,55711.52510300001,52374.56650400001,54427.423286166675
13.0,31,0,2020-01-31,1,311,3599.5753200000004,0.0205,175589.04,2020,1,56753.842236000004,51983.09255100001,46363.50374766667
13.0,31,0,2020-02-29,1,311,3852.133065,0.0205,187908.93,2020,2,3599.5753200000004,53721.90255900001,38051.87549866667
13.0,31,0,2020-03-31,1,311,3955.122605,0.0205,192932.81,2020,3,3852.133065,53019.16389900001,29874.535283
13.0,31,0,2020-04-30,1,315,3955.4862749999998,0.0205,192950.55,2020,4,3955.122605,55375.01336900001,21304.61410066667
13.0,31,0,2020-05-31,1,329,4073.55049,0.0205,198709.78,2020,5,3955.4862749999998,55711.52510300001,12698.284998500001
13.0,31,0,2020-06-30,1,330,4082.62543,0.0205,199152.46,2020,6,4073.55049,56753.842236000004,3919.7488641666664
13.0,31,0,2020-07-31,1,321,4208.889235000001,0.0205,205311.67,2020,7,4082.62543,3599.5753200000004,4021.3011833333335
13.0,31,0,2020-08-31,1,316,4404.8011750000005,0.0205,214868.35,2020,8,4208.889235000001,3852.133065,4113.412535
13.0,31,0,2020-09-30,1,328,4600.13276,0.0205,224396.72,2020,9,4404.8011750000005,3955.122605,4220.9142275
13.0,31,0,2020-10-31,1,320,4711.1542,0.0205,229812.4,2020,10,4600.13276,3955.4862749999998,4346.858881666667
13.0,31,0,2020-11-30,1,317,4753.608675,0.0205,231883.35,2020,11,4711.1542,4073.55049,4460.201912500001
13.0,31,0,2020-12-31,1,319,5069.41671,0.0205,247288.62,2020,12,4753.608675,4082.62543,4624.667125833334
13.0,31,0,2021-01-31,1,326,5153.202465,0.0205,251375.73,2021,1,5069.41671,4208.889235000001,4782.052664166667
13.0,31,0,2021-02-28,1,311,5252.267895,0.0205,256208.19,2021,2,5153.202465,4404.8011750000005,4923.2971175
13.0,31,0,2021-03-31,1,327,5351.89482,0.0205,261068.04,2021,3,5252.267895,4600.13276,5048.5907941666665
13.0,31,0,2021-04-30,1,314,5515.776945,0.0205,269062.29,2021,4,5351.89482,4711.1542,5182.694585
13.0,31,0,2021-05-31,1,311,5692.170015000001,0.0205,277666.83,2021,5,5515.776945,4753.608675,5339.121475
13.0,31,0,2021-06-30,1,311,5839.509255,0.0205,284854.11,2021,6,5692.170015000001,5069.41671,5467.470232500001
13.0,31,0,2021-07-31,1,311,6081.4644,0.0205,296656.8,2021,7,5839.509255,5153.202465,5622.180555
13.0,31,0,2021-08-31,1,311,6153.685490000001,0.0205,300179.78,2021,8,6081.4644,5252.267895,5772.416820833333
13.0,31,0,2021-09-30,1,397,6297.0178,0.0205,307171.6,2021,9,6153.685490000001,5351.89482,5929.9373175
13.0,31,0,2021-10-31,1,341,6598.520935,0.0205,321879.06999999995,2021,10,6297.0178,5515.776945,6110.3946491666675
13.0,31,0,2021-11-30,1,341,6869.703135,0.0205,335107.47,2021,11,6598.520935,5692.170015000001,6306.650169166667
13.0,31,0,2021-12-31,1,334,7124.555240000001,0.0205,347539.28,2021,12,6869.703135,5839.509255,6520.8245
13.0,31,0,2022-01-31,1,341,7174.744570000001,0.0205,349987.54000000004,2022,1,7124.555240000001,6081.4644,6703.037861666668
13.0,31,0,2022-02-28,1,311,7177.684270000001,0.0205,350130.94,2022,2,7174.744570000001,6153.685490000001,6873.704325
13.0,31,0,2022-03-31,1,318,7390.14586,0.0205,360494.92,2022,3,7177.684270000001,6297.0178,7055.892335
13.0,31,0,2022-04-30,1,322,7182.528215,0.0205,350367.23,2022,4,7390.14586,6598.520935,7153.2268816666665
13.0,31,0,2022-05-31,1,326,7276.749700000001,0.0205,354963.4,2022,5,7182.528215,6869.703135,7221.0679758333345
13.0,31,0,2022-06-30,1,341,10577.554945,0.0205,515978.29,2022,6,7276.749700000001,7124.555240000001,7796.5679266666675
13.0,31,0,2022-07-31,1,341,10673.789325000002,0.0205,520672.65,2022,7,10577.554945,7174.744570000001,8379.7420525
13.0,31,0,2022-08-31,1,341,10834.459715,0.0205,528510.23,2022,8,10673.789325000002,7177.684270000001,8989.204626666668
13.0,31,0,2022-09-30,1,311,10720.04942,0.0205,522929.24,2022,9,10834.459715,7390.14586,9544.188553333333
13.0,31,0,2022-10-31,1,310,11544.020475,0.0205,563122.95,2022,10,10720.04942,7182.528215,10271.10393
13.0,31,0,2022-11-30,1,341,11391.035945000001,0.0205,555660.29,2022,11,11544.020475,7276.749700000001,10956.818304166669
13.0,31,0,2022-12-31,1,311,10955.291019999999,0.0205,534404.44,2022,12,11391.035945000001,10577.554945,11019.774316666668
13.0,31,0,2023-01-31,1,396,11769.503255,0.0205,574122.11,2023,1,10955.291019999999,10673.789325000002,11202.393305
13.0,31,0,2023-02-28,1,313,12034.8735,0.0205,587067.0,2023,2,11769.503255,10834.459715,11402.462269166666
13.0,31,0,2023-03-31,1,341,12448.851320000002,0.0205,607261.04,2023,3,12034.8735,10720.04942,11690.595919166668
13.0,31,0,2023-04-30,1,312,12857.619065,0.0205,627200.93,2023,4,12448.851320000002,11544.020475,11909.5290175
13.0,31,0,2023-05-31,1,341,13182.424755,0.0205,643045.11,2023,5,12857.619065,11391.035945000001,12208.093819166666
13.0,31,0,2023-06-30,1,420,13210.105905,0.0205,644395.41,2023,6,13182.424755,10955.291019999999,12583.8963
13.0,31,0,2023-07-31,1,419,13197.911685000003,0.0205,643800.5700000001,2023,7,13210.105905,11769.503255,12821.964371666667
13.0,31,0,2023-08-31,1,422,13472.72669,0.0205,657206.1799999999,2023,8,13197.911685000003,12034.8735,13061.606570000002
13.0,31,0,2023-09-30,1,421,13912.89326,0.0205,678677.72,2023,9,13472.72669,12448.851320000002,13305.61356
13.0,31,0,2023-10-31,1,421,13979.57853,0.0205,681930.66,2023,10,13912.89326,12857.619065,13492.606804166668
13.0,31,0,2023-11-30,1,103,13812.02424,0.0205,673757.28,2023,11,13979.57853,13182.424755,13597.540051666669
13.0,31,0,2023-12-31,1,252,13917.514575,0.0205,678903.1499999999,2023,12,13812.02424,13210.105905,13715.441496666666
13.0,31,0,2024-01-31,1,266,14821.20726,0.0205,722985.72,2024,1,13917.514575,13197.911685000003,13985.990759166669
13.0,31,0,2024-02-29,1,392,14922.545935,0.0205,727929.07,2024,2,14821.20726,13472.72669,14227.6273
13.0,31,0,2024-03-31,1,393,15583.143880000003,0.0205,760153.3600000001,2024,3,14922.545935,13912.89326,14506.002403333334
13.0,31,0,2024-04-30,1,44,15466.667595000003,0.0205,754471.5900000001,2024,4,15583.143880000003,13979.57853,14753.850580833334
13.0,31,0,2024-05-31,1,45,15984.020355000002,0.0205,779708.31,2024,5,15466.667595000003,13812.02424,15115.849933333337
13.0,31,0,2024-06-30,1,143,15774.932655,0.0205,769508.91,2024,6,15984.020355000002,13917.514575,15425.419613333333
13.0,31,0,2024-07-31,1,69,16475.874805000003,0.0205,803701.2100000001,2024,7,15774.932655,14821.20726,15701.197537500002
13.0,31,0,2024-08-31,1,379,16575.998035,0.0205,808585.27,2024,8,16475.874805000003,14922.545935,15976.772887500001
13.0,31,0,2024-09-30,1,271,16886.12142,0.0205,823713.24,2024,9,16575.998035,15583.143880000003,16193.935810833334
14.0,33,0,2020-01-31,1,415,3459.104088,0.0197,175589.04,2020,1,16886.12142,15466.667595000003,14192.675226333335
14.0,33,0,2020-02-29,1,414,3701.8059209999997,0.0197,187908.93,2020,2,3459.104088,15984.020355000002,12145.639487333336
14.0,33,0,2020-03-31,1,70,3800.7763569999997,0.0197,192932.81,2020,3,3701.8059209999997,15774.932655,10149.946771
14.0,33,0,2020-04-30,1,71,3801.1258349999994,0.0197,192950.55,2020,4,3800.7763569999997,16475.874805000003,8037.488609333333
14.0,33,0,2020-05-31,1,416,3914.582666,0.0197,198709.78,2020,5,3801.1258349999994,16575.998035,5927.2527144999995
14.0,33,0,2020-06-30,1,416,3923.3034619999994,0.0197,199152.46,2020,6,3914.582666,16886.12142,3766.783054833333
14.0,33,0,2020-07-31,1,417,4044.639899,0.0197,205311.67,2020,7,3923.3034619999994,3459.104088,3864.3723566666663
14.0,33,0,2020-08-31,1,417,4232.906495,0.0197,214868.35,2020,8,4044.639899,3701.8059209999997,3952.8891189999995
14.0,33,0,2020-09-30,1,418,4420.615384,0.0197,224396.72,2020,9,4232.906495,3800.7763569999997,4056.1956235
14.0,33,0,2020-10-31,1,418,4527.304279999999,0.0197,229812.4,2020,10,4420.615384,3801.1258349999994,4177.225364333333
14.0,33,0,2020-11-30,1,16,4568.101995,0.0197,231883.35,2020,11,4527.304279999999,3914.582666,4286.1452524999995
14.0,33,0,2020-12-31,1,272,4871.585814,0.0197,247288.62,2020,12,4568.101995,3923.3034619999994,4444.1923111666665
14.0,33,0,2021-01-31,1,361,4952.101881,0.0197,251375.73,2021,1,4871.585814,4044.639899,4595.435974833334
14.0,33,0,2021-02-28,1,360,5047.301343,0.0197,256208.19,2021,2,4952.101881,4232.906495,4731.1684495
14.0,33,0,2021-03-31,1,337,5143.040387999999,0.0197,261068.04,2021,3,5047.301343,4420.615384,4851.572616833333
14.0,33,0,2021-04-30,1,336,5300.527112999999,0.0197,269062.29,2021,4,5143.040387999999,4527.304279999999,4980.443088999999
14.0,33,0,2021-05-31,1,197,5470.036551,0.0197,277666.83,2021,5,5300.527112999999,4568.101995,5130.765515
14.0,33,0,2021-06-30,1,252,5611.625966999999,0.0197,284854.11,2021,6,5470.036551,4871.585814,5254.1055405
14.0,33,0,2021-07-31,1,236,5844.138959999999,0.0197,296656.8,2021,7,5611.625966999999,4952.101881,5402.778386999999
14.0,33,0,2021-08-31,1,386,5913.541666,0.0197,300179.78,2021,8,5844.138959999999,5047.301343,5547.151774166666
14.0,33,0,2021-09-30,1,380,6051.280519999999,0.0197,307171.6,2021,9,5913.541666,5143.040387999999,5698.525129499999
14.0,33,0,2021-10-31,1,271,6341.017678999999,0.0197,321879.06999999995,2021,10,6051.280519999999,5300.527112999999,5871.940223833332
14.0,33,0,2021-11-30,1,267,6601.617158999999,0.0197,335107.47,2021,11,6341.017678999999,5470.036551,6060.536991833332
14.0,33,0,2021-12-31,1,229,6846.523816,0.0197,347539.28,2021,12,6601.617158999999,5611.625966999999,6266.353299999999
14.0,33,0,2022-01-31,1,230,6894.754538,0.0197,349987.54000000004,2022,1,6846.523816,5844.138959999999,6441.455896333333
14.0,33,0,2022-02-28,1,194,6897.579518,0.0197,350130.94,2022,2,6894.754538,5913.541666,6605.462205
14.0,33,0,2022-03-31,1,66,7101.749923999999,0.0197,360494.92,2022,3,6897.579518,6051.280519999999,6780.540438999999
14.0,33,0,2022-04-30,1,66,6902.234430999999,0.0197,350367.23,2022,4,7101.749923999999,6341.017678999999,6874.0765643333325
14.0,33,0,2022-05-31,1,66,6992.77898,0.0197,354963.4,2022,5,6902.234430999999,6601.617158999999,6939.270201166666
14.0,33,0,2022-06-30,1,79,10164.772313,0.0197,515978.29,2022,6,6992.77898,6846.523816,7492.311617333333
14.0,33,0,2022-07-31,1,79,10257.251205,0.0197,520672.65,2022,7,10164.772313,6894.754538,8052.727728499999
14.0,33,0,2022-08-31,1,79,10411.651531,0.0197,528510.23,2022,8,10257.251205,6897.579518,8638.406397333332
14.0,33,0,2022-09-30,1,157,10301.706027999999,0.0197,522929.24,2022,9,10411.651531,7101.749923999999,9171.732414666667
14.0,33,0,2022-10-31,1,157,11093.522114999998,0.0197,563122.95,2022,10,10301.706027999999,6902.234430999999,9870.280362
14.0,33,0,2022-11-30,1,157,10946.507713,0.0197,555660.29,2022,11,11093.522114999998,6992.77898,10529.235150833332
14.0,33,0,2022-12-31,1,309,10527.767467999998,0.0197,534404.44,2022,12,10946.507713,10164.772313,10589.734343333332
14.0,33,0,2023-01-31,1,160,11310.205566999999,0.0197,574122.11,2023,1,10527.767467999998,10257.251205,10765.226736999999
14.0,33,0,2023-02-28,1,260,11565.2199,0.0197,587067.0,2023,2,11310.205566999999,10411.651531,10957.488131833334
14.0,33,0,2023-03-31,1,102,11963.042488,0.0197,607261.04,2023,3,11565.2199,10301.706027999999,11234.377541833332
14.0,33,0,2023-04-30,1,87,12355.858321,0.0197,627200.93,2023,4,11963.042488,11093.522114999998,11444.7669095
14.0,33,0,2023-05-31,1,207,12667.988667,0.0197,643045.11,2023,5,12355.858321,10946.507713,11731.680401833333
14.0,33,0,2023-06-30,1,175,12694.589577,0.0197,644395.41,2023,6,12667.988667,10527.767467999998,12092.81742
14.0,33,0,2023-07-31,1,222,12682.871229,0.0197,643800.5700000001,2023,7,12694.589577,11310.205566999999,12321.595030333332
14.0,33,0,2023-08-31,1,102,12946.961745999997,0.0197,657206.1799999999,2023,8,12682.871229,11565.2199,12551.885338
14.0,33,0,2023-09-30,1,221,13369.951083999998,0.0197,678677.72,2023,9,12946.961745999997,11963.042488,12786.370104
14.0,33,0,2023-10-31,1,303,13434.034002,0.0197,681930.66,2023,10,13369.951083999998,12355.858321,12966.066050833333
14.0,33,0,2023-11-30,1,160,13273.018415999999,0.0197,673757.28,2023,11,13434.034002,12667.988667,13066.904342333333
14.0,33,0,2023-12-31,1,218,13374.392054999997,0.0197,678903.1499999999,2023,12,13273.018415999999,12694.589577,13180.20475533333
14.0,33,0,2024-01-31,1,252,14242.818683999998,0.0197,722985.72,2024,1,13374.392054999997,12682.871229,13440.195997833333
14.0,33,0,2024-02-29,1,85,14340.202678999998,0.0197,727929.07,2024,2,14242.818683999998,12946.961745999997,13672.402819999998
14.0,33,0,2024-03-31,1,190,14975.021192000002,0.0197,760153.3600000001,2024,3,14340.202678999998,13369.951083999998,13939.914504666665
14.0,33,0,2024-04-30,1,66,14863.090323,0.0197,754471.5900000001,2024,4,14975.021192000002,13434.034002,14178.090558166667
14.0,33,0,2024-05-31,1,79,15360.253707,0.0197,779708.31,2024,5,14863.090323,13273.018415999999,14525.963106666664
14.0,33,0,2024-06-30,1,406,15159.325526999999,0.0197,769508.91,2024,6,15360.253707,13374.392054999997,14823.452018666669
14.0,33,0,2024-07-31,1,411,15832.913837,0.0197,803701.2100000001,2024,7,15159.325526999999,14242.818683999998,15088.467877500001
14.0,33,0,2024-08-31,1,170,15929.129819,0.0197,808585.27,2024,8,15832.913837,14340.202678999998,15353.2890675
14.0,33,0,2024-09-30,1,178,16227.150827999998,0.0197,823713.24,2024,9,15929.129819,14975.021192000002,15561.977340166666
15.0,20,0,2020-01-31,1,128,13081.38348,0.0745,175589.04,2020,1,16227.150827999998,14863.090323,15265.026199666667
15.0,20,0,2020-02-29,1,304,13999.215284999998,0.0745,187908.93,2020,2,13081.38348,15360.253707,15038.186462666667
15.0,20,0,2020-03-31,1,183,14373.494345,0.0745,192932.81,2020,3,13999.215284999998,15159.325526999999,14907.214598999999
15.0,20,0,2020-04-30,1,258,14374.815974999998,0.0745,192950.55,2020,4,14373.494345,15832.913837,14664.198288666665
15.0,20,0,2020-05-31,1,88,14803.87861,0.0745,198709.78,2020,5,14374.815974999998,15929.129819,14476.656420499998
15.0,20,0,2020-06-30,1,187,14836.858269999999,0.0745,199152.46,2020,6,14803.87861,16227.150827999998,14244.940994166667
15.0,20,0,2020-07-31,1,204,15295.719415,0.0745,205311.67,2020,7,14836.858269999999,13081.38348,14613.99698333333
15.0,20,0,2020-08-31,1,217,16007.692074999999,0.0745,214868.35,2020,8,15295.719415,13999.215284999998,14948.743115
15.0,20,0,2020-09-30,1,221,16717.55564,0.0745,224396.72,2020,9,16007.692074999999,14373.494345,15339.4199975
15.0,20,0,2020-10-31,1,105,17121.0238,0.0745,229812.4,2020,10,16717.55564,14374.815974999998,15797.121301666666
15.0,20,0,2020-11-30,1,307,17275.309575,0.0745,231883.35,2020,11,17121.0238,14803.87861,16209.0264625
15.0,20,0,2020-12-31,1,146,18423.00219,0.0745,247288.62,2020,12,17275.309575,14836.858269999999,16806.717115833333
15.0,20,0,2021-01-31,1,210,18727.491885,0.0745,251375.73,2021,1,18423.00219,15295.719415,17378.679194166663
15.0,20,0,2021-02-28,1,355,19087.510155,0.0745,256208.19,2021,2,18727.491885,16007.692074999999,17891.982207499997
15.0,20,0,2021-03-31,1,248,19449.56898,0.0745,261068.04,2021,3,19087.510155,16717.55564,18347.317764166666
15.0,20,0,2021-04-30,1,85,20045.140604999997,0.0745,269062.29,2021,4,19449.56898,17121.0238,18834.670565
15.0,20,0,2021-05-31,1,186,20686.178835,0.0745,277666.83,2021,5,20045.140604999997,17275.309575,19403.148774999998
15.0,20,0,2021-06-30,1,218,21221.631194999998,0.0745,284854.11,2021,6,20686.178835,18423.00219,19869.5869425
15.0,20,0,2021-07-31,1,223,22100.9316,0.0745,296656.8,2021,7,21221.631194999998,18727.491885,20431.826895
15.0,20,0,2021-08-31,1,255,22363.393610000003,0.0745,300179.78,2021,8,22100.9316,19087.510155,20977.807470833333
15.0,20,0,2021-09-30,1,85,22884.2842,0.0745,307171.6,2021,9,22363.393610000003,19449.56898,21550.260007499997
15.0,20,0,2021-10-31,1,218,23979.990714999996,0.0745,321879.06999999995,2021,10,22884.2842,20045.140604999997,22206.068359166664
15.0,20,0,2021-11-30,1,259,24965.506514999997,0.0745,335107.47,2021,11,23979.990714999996,20686.178835,22919.28963916666
15.0,20,0,2021-12-31,1,107,25891.67636,0.0745,347539.28,2021,12,24965.506514999997,21221.631194999998,23697.6305
15.0,20,0,2022-01-31,1,308,26074.071730000003,0.0745,349987.54000000004,2022,1,25891.67636,22100.9316,24359.82052166667
15.0,20,0,2022-02-28,1,149,26084.75503,0.0745,350130.94,2022,2,26074.071730000003,22363.393610000003,24980.047425
15.0,20,0,2022-03-31,1,213,26856.871539999996,0.0745,360494.92,2022,3,26084.75503,22884.2842,25642.145314999998
15.0,20,0,2022-04-30,1,201,26102.358634999997,0.0745,350367.23,2022,4,26856.871539999996,23979.990714999996,25995.873301666667
15.0,20,0,2022-05-31,1,254,26444.7733,0.0745,354963.4,2022,5,26102.358634999997,24965.506514999997,26242.417765833332
15.0,20,0,2022-06-30,1,86,38440.382605,0.0745,515978.29,2022,6,26444.7733,25891.67636,28333.868806666665
15.0,20,0,2022-07-31,1,219,38790.112425,0.0745,520672.65,2022,7,38440.382605,26074.071730000003,30453.208922499995
15.0,20,0,2022-08-31,1,188,39374.012135,0.0745,528510.23,2022,8,38790.112425,26084.75503,32668.085106666666
15.0,20,0,2022-09-30,1,252,38958.22838,0.0745,522929.24,2022,9,39374.012135,26856.871539999996,34684.97791333333
15.0,20,0,2022-10-31,1,85,41952.65977499999,0.0745,563122.95,2022,10,38958.22838,26102.358634999997,37326.69477
15.0,20,0,2022-11-30,1,218,41396.691605,0.0745,555660.29,2022,11,41952.65977499999,26444.7733,39818.68115416667
15.0,20,0,2022-12-31,1,173,39813.13077999999,0.0745,534404.44,2022,12,41396.691605,38440.382605,40047.47251666667
15.0,20,0,2023-01-31,1,240,42772.097194999995,0.0745,574122.11,2023,1,39813.13077999999,38790.112425,40711.13664499999
15.0,20,0,2023-02-28,1,241,43736.4915,0.0745,587067.0,2023,2,42772.097194999995,39374.012135,41438.216539166664
15.0,20,0,2023-03-31,1,252,45240.94748,0.0745,607261.04,2023,3,43736.4915,38958.22838,42485.33638916666
15.0,20,0,2023-04-30,1,85,46726.469285,0.0745,627200.93,2023,4,45240.94748,41952.65977499999,43280.971307499996
15.0,20,0,2023-05-31,1,218,47906.860694999996,0.0745,643045.11,2023,5,46726.469285,41396.691605,44365.99948916666
15.0,20,0,2023-06-30,1,172,48007.458045,0.0745,644395.41,2023,6,47906.860694999996,39813.13077999999,45731.7207
15.0,20,0,2023-07-31,1,256,47963.142465000004,0.0745,643800.5700000001,2023,7,48007.458045,42772.097194999995,46596.89491166667
15.0,20,0,2023-08-31,1,85,48961.860409999994,0.0745,657206.1799999999,2023,8,47963.142465000004,43736.4915,47467.78973
15.0,20,0,2023-09-30,1,218,50561.490139999994,0.0745,678677.72,2023,9,48961.860409999994,45240.94748,48354.546839999995
15.0,20,0,2023-10-31,1,189,50803.83417,0.0745,681930.66,2023,10,50561.490139999994,46726.469285,49034.10765416667
15.0,20,0,2023-11-30,1,106,50194.91736,0.0745,673757.28,2023,11,50803.83417,47906.860694999996,49415.450431666664
15.0,20,0,2023-12-31,1,303,50578.28467499999,0.0745,678903.1499999999,2023,12,50194.91736,48007.458045,49843.92153666667
15.0,20,0,2024-01-31,1,207,53862.43614,0.0745,722985.72,2024,1,50578.28467499999,47963.142465000004,50827.137149166665
15.0,20,0,2024-02-29,1,180,54230.71571499999,0.0745,727929.07,2024,2,53862.43614,48961.860409999994,51705.27969999999
15.0,20,0,2024-03-31,1,109,56631.42532,0.0745,760153.3600000001,2024,3,54230.71571499999,50561.490139999994,52716.93556333333
15.0,20,0,2024-04-30,1,306,56208.133455,0.0745,754471.5900000001,2024,4,56631.42532,50803.83417,53617.65211083333
15.0,20,0,2024-05-31,1,181,58088.269095,0.0745,779708.31,2024,5,56208.133455,50194.91736,54933.21073333333
15.0,20,0,2024-06-30,1,214,57328.413795,0.0745,769508.91,2024,6,58088.269095,50578.28467499999,56058.23225333333
15.0,20,0,2024-07-31,1,113,59875.740145,0.0745,803701.2100000001,2024,7,57328.413795,53862.43614,57060.44958750001
15.0,20,0,2024-08-31,1,303,60239.602614999996,0.0745,808585.27,2024,8,59875.740145,54230.71571499999,58061.9307375
15.0,20,0,2024-09-30,1,143,61366.636379999996,0.0745,823713.24,2024,9,60239.602614999996,56631.42532,58851.132580833335
16.0,1,0,2020-01-31,1,216,3213.2794320000003,0.0183,175589.04,2020,1,61366.636379999996,56208.133455,50018.656910333324
16.0,1,0,2020-02-29,1,90,3438.733419,0.0183,187908.93,2020,2,3213.2794320000003,58088.269095,40910.400964333334
16.0,1,0,2020-03-31,1,249,3530.670423,0.0183,192932.81,2020,3,3438.733419,57328.413795,31944.110402333336
16.0,1,0,2020-04-30,1,160,3530.995065,0.0183,192950.55,2020,4,3530.670423,59875.740145,22553.319555666665
16.0,1,0,2020-05-31,1,224,3636.388974,0.0183,198709.78,2020,5,3530.995065,60239.602614999996,13119.4506155
16.0,1,0,2020-06-30,1,174,3644.490018,0.0183,199152.46,2020,6,3636.388974,61366.636379999996,3499.0928885
16.0,1,0,2020-07-31,1,127,3757.2035610000003,0.0183,205311.67,2020,7,3644.490018,3213.2794320000003,3589.7469100000003
16.0,1,0,2020-08-31,1,170,3932.0908050000003,0.0183,214868.35,2020,8,3757.2035610000003,3438.733419,3671.9731410000004
16.0,1,0,2020-09-30,1,202,4106.459976,0.0183,224396.72,2020,9,3932.0908050000003,3530.670423,3767.9380665000003
16.0,1,0,2020-10-31,1,265,4205.56692,0.0183,229812.4,2020,10,4106.459976,3530.995065,3880.366709
16.0,1,0,2020-11-30,1,218,4243.465305000001,0.0183,231883.35,2020,11,4205.56692,3636.388974,3981.5460975000005
16.0,1,0,2020-12-31,1,252,4525.381746,0.0183,247288.62,2020,12,4243.465305000001,3644.490018,4128.3613855
16.0,1,0,2021-01-31,1,85,4600.175859,0.0183,251375.73,2021,1,4525.381746,3757.2035610000003,4268.8567685
16.0,1,0,2021-02-28,1,190,4688.609877,0.0183,256208.19,2021,2,4600.175859,3932.0908050000003,4394.9432805
16.0,1,0,2021-03-31,1,218,4777.545132,0.0183,261068.04,2021,3,4688.609877,4106.459976,4506.7908065
16.0,1,0,2021-04-30,1,208,4923.839907,0.0183,269062.29,2021,4,4777.545132,4205.56692,4626.502971
16.0,1,0,2021-05-31,1,252,5081.302989000001,0.0183,277666.83,2021,5,4923.839907,4243.465305000001,4766.1425850000005
16.0,1,0,2021-06-30,1,100,5212.830213,0.0183,284854.11,2021,6,5081.302989000001,4525.381746,4880.7173295
16.0,1,0,2021-07-31,1,85,5428.81944,0.0183,296656.8,2021,7,5212.830213,4600.175859,5018.824593
16.0,1,0,2021-08-31,1,305,5493.289974,0.0183,300179.78,2021,8,5428.81944,4688.609877,5152.9379425
16.0,1,0,2021-09-30,1,190,5621.24028,0.0183,307171.6,2021,9,5493.289974,4777.545132,5293.5538005
16.0,1,0,2021-10-31,1,169,5890.386980999999,0.0183,321879.06999999995,2021,10,5621.24028,4923.839907,5454.6449795
16.0,1,0,2021-11-30,1,252,6132.466700999999,0.0183,335107.47,2021,11,5890.386980999999,5081.302989000001,5629.8389314999995
16.0,1,0,2021-12-31,1,85,6359.9688240000005,0.0183,347539.28,2021,12,6132.466700999999,5212.830213,5821.0287
16.0,1,0,2022-01-31,1,218,6404.771982000001,0.0183,349987.54000000004,2022,1,6359.9688240000005,5428.81944,5983.687457
16.0,1,0,2022-02-28,1,185,6407.396202,0.0183,350130.94,2022,2,6404.771982000001,5493.289974,6136.038495
16.0,1,0,2022-03-31,1,115,6597.057036,0.0183,360494.92,2022,3,6407.396202,5621.24028,6298.674621000001
16.0,1,0,2022-04-30,1,207,6411.720308999999,0.0183,350367.23,2022,4,6597.057036,5890.386980999999,6385.563509
16.0,1,0,2022-05-31,1,303,6495.830220000001,0.0183,354963.4,2022,5,6411.720308999999,6132.466700999999,6446.1240955
16.0,1,0,2022-06-30,1,182,9442.402707,0.0183,515978.29,2022,6,6495.830220000001,6359.9688240000005,6959.863076000001
16.0,1,0,2022-07-31,1,207,9528.309495000001,0.0183,520672.65,2022,7,9442.402707,6404.771982000001,7480.4526615
16.0,1,0,2022-08-31,1,302,9671.737208999999,0.0183,528510.23,2022,8,9528.309495000001,6407.396202,8024.509496
16.0,1,0,2022-09-30,1,285,9569.605092,0.0183,522929.24,2022,9,9671.737208999999,6597.057036,8519.934172
16.0,1,0,2022-10-31,1,285,10305.149985,0.0183,563122.95,2022,10,9569.605092,6411.720308999999,9168.839118000002
16.0,1,0,2022-11-30,1,302,10168.583307,0.0183,555660.29,2022,11,10305.149985,6495.830220000001,9780.9646325
16.0,1,0,2022-12-31,1,385,9779.601251999999,0.0183,534404.44,2022,12,10168.583307,9442.402707,9837.16439
16.0,1,0,2023-01-31,1,270,10506.434613,0.0183,574122.11,2023,1,9779.601251999999,9528.309495000001,10000.185243
16.0,1,0,2023-02-28,1,277,10743.3261,0.0183,587067.0,2023,2,10506.434613,9671.737208999999,10178.7833915
16.0,1,0,2023-03-31,1,274,11112.877032,0.0183,607261.04,2023,3,10743.3261,9569.605092,10435.995381499999
16.0,1,0,2023-04-30,1,269,11477.777019000001,0.0183,627200.93,2023,4,11112.877032,10305.149985,10631.433220500001
16.0,1,0,2023-05-31,1,269,11767.725513,0.0183,643045.11,2023,5,11477.777019000001,10168.583307,10897.9569215
16.0,1,0,2023-06-30,1,274,11792.436003,0.0183,644395.41,2023,6,11767.725513,9779.601251999999,11233.429380000001
16.0,1,0,2023-07-31,1,273,11781.550431000001,0.0183,643800.5700000001,2023,7,11792.436003,10506.434613,11445.948683
16.0,1,0,2023-08-31,1,269,12026.873093999999,0.0183,657206.1799999999,2023,8,11781.550431000001,10743.3261,11659.873182000001
16.0,1,0,2023-09-30,1,67,12419.802276,0.0183,678677.72,2023,9,12026.873093999999,11112.877032,11877.694056
16.0,1,0,2023-10-31,1,80,12479.331078000001,0.0183,681930.66,2023,10,12419.802276,11477.777019000001,12044.619732500001
16.0,1,0,2023-11-30,1,82,12329.758224000001,0.0183,673757.28,2023,11,12479.331078000001,11767.725513,12138.291851000002
16.0,1,0,2023-12-31,1,268,12423.927644999998,0.0183,678903.1499999999,2023,12,12329.758224000001,11792.436003,12243.540458000001
16.0,1,0,2024-01-31,1,367,13230.638676,0.0183,722985.72,2024,1,12423.927644999998,11781.550431000001,12485.0551655
16.0,1,0,2024-02-29,1,367,13321.101981,0.0183,727929.07,2024,2,13230.638676,12026.873093999999,12700.75998
16.0,1,0,2024-03-31,1,74,13910.806488000002,0.0183,760153.3600000001,2024,3,13321.101981,12419.802276,12949.260682
16.0,1,0,2024-04-30,1,367,13806.830097000002,0.0183,754471.5900000001,2024,4,13910.806488000002,12479.331078000001,13170.5105185
16.0,1,0,2024-05-31,1,252,14268.662073000001,0.0183,779708.31,2024,5,13806.830097000002,12329.758224000001,13493.661160000001
16.0,1,0,2024-06-30,1,252,14082.013053,0.0183,769508.91,2024,6,14268.662073000001,12423.927644999998,13770.008728
16.0,1,0,2024-07-31,1,252,14707.732143000001,0.0183,803701.2100000001,2024,7,14082.013053,13230.638676,14016.1909725
16.0,1,0,2024-08-31,1,64,14797.110441,0.0183,808585.27,2024,8,14707.732143000001,13321.101981,14262.192382500003
16.0,1,0,2024-09-30,1,64,15073.952292,0.0183,823713.24,2024,9,14797.110441,13910.806488000002,14456.050016500003
17.0,25,0,2020-01-31,1,81,6918.208176,0.0394,175589.04,2020,1,15073.952292,13806.830097000002,13307.946363000003
17.0,25,0,2020-02-29,1,83,7403.611841999999,0.0394,187908.93,2020,2,6918.208176,14268.662073000001,12163.7713245
17.0,25,0,2020-03-31,1,291,7601.5527139999995,0.0394,192932.81,2020,3,7403.611841999999,14082.013053,11083.694601333335
17.0,25,0,2020-04-30,1,358,7602.251669999999,0.0394,192950.55,2020,4,7601.5527139999995,14707.732143000001,9899.447855833334
17.0,25,0,2020-05-31,1,300,7829.165332,0.0394,198709.78,2020,5,7602.251669999999,14797.110441,8738.123671
17.0,25,0,2020-06-30,1,293,7846.606923999999,0.0394,199152.46,2020,6,7829.165332,15073.952292,7533.566109666666
17.0,25,0,2020-07-31,1,398,8089.279798,0.0394,205311.67,2020,7,7846.606923999999,6918.208176,7728.7447133333335
17.0,25,0,2020-08-31,1,293,8465.81299,0.0394,214868.35,2020,8,8089.279798,7403.611841999999,7905.778238
17.0,25,0,2020-09-30,1,398,8841.230768,0.0394,224396.72,2020,9,8465.81299,7601.5527139999995,8112.391247
17.0,25,0,2020-10-31,1,293,9054.608559999999,0.0394,229812.4,2020,10,8841.230768,7602.251669999999,8354.450728666665
17.0,25,0,2020-11-30,1,398,9136.20399,0.0394,231883.35,2020,11,9054.608559999999,7829.165332,8572.290504999999
17.0,25,0,2020-12-31,1,293,9743.171628,0.0394,247288.62,2020,12,9136.20399,7846.606923999999,8888.384622333333
17.0,25,0,2021-01-31,1,398,9904.203762,0.0394,251375.73,2021,1,9743.171628,8089.279798,9190.871949666665
17.0,25,0,2021-02-28,1,240,10094.602686,0.0394,256208.19,2021,2,9904.203762,8465.81299,9462.336899
17.0,25,0,2021-03-31,1,241,10286.080775999999,0.0394,261068.04,2021,3,10094.602686,8841.230768,9703.145233666668
17.0,25,0,2021-04-30,1,296,10601.054225999998,0.0394,269062.29,2021,4,10286.080775999999,9054.608559999999,9960.886177999999
17.0,25,0,2021-05-31,1,401,10940.073102,0.0394,277666.83,2021,5,10601.054225999998,9136.20399,10261.53103
17.0,25,0,2021-06-30,1,295,11223.251933999998,0.0394,284854.11,2021,6,10940.073102,9743.171628,10508.211081
17.0,25,0,2021-07-31,1,400,11688.277919999999,0.0394,296656.8,2021,7,11223.251933999998,9904.203762,10805.556773999999
17.0,25,0,2021-08-31,1,294,11827.083332,0.0394,300179.78,2021,8,11688.277919999999,10094.602686,11094.303548333331
17.0,25,0,2021-09-30,1,399,12102.561039999999,0.0394,307171.6,2021,9,11827.083332,10286.080775999999,11397.050258999998
17.0,25,0,2021-10-31,1,297,12682.035357999997,0.0394,321879.06999999995,2021,10,12102.561039999999,10601.054225999998,11743.880447666665
17.0,25,0,2021-11-30,1,402,13203.234317999999,0.0394,335107.47,2021,11,12682.035357999997,10940.073102,12121.073983666667
17.0,25,0,2021-12-31,1,299,13693.047632,0.0394,347539.28,2021,12,13203.234317999999,11223.251933999998,12532.706599999998
17.0,25,0,2022-01-31,1,404,13789.509076,0.0394,349987.54000000004,2022,1,13693.047632,11688.277919999999,12882.911792666666
17.0,25,0,2022-02-28,1,301,13795.159036,0.0394,350130.94,2022,2,13789.509076,11827.083332,13210.92441
17.0,25,0,2022-03-31,1,298,14203.499847999998,0.0394,360494.92,2022,3,13795.159036,12102.561039999999,13561.080877999999
17.0,25,0,2022-04-30,1,403,13804.468861999998,0.0394,350367.23,2022,4,14203.499847999998,12682.035357999997,13748.153128666667
17.0,25,0,2022-05-31,1,288,13985.55796,0.0394,354963.4,2022,5,13804.468861999998,13203.234317999999,13878.540402333332
17.0,25,0,2022-06-30,1,292,20329.544626,0.0394,515978.29,2022,6,13985.55796,13693.047632,14984.623234666666
17.0,25,0,2022-07-31,1,252,20514.50241,0.0394,520672.65,2022,7,20329.544626,13789.509076,16105.455456999998
17.0,25,0,2022-08-31,1,252,20823.303062,0.0394,528510.23,2022,8,20514.50241,13795.159036,17276.812794666665
17.0,25,0,2022-09-30,1,252,20603.412055999997,0.0394,522929.24,2022,9,20823.303062,14203.499847999998,18343.464829333334
17.0,25,0,2022-10-31,1,398,22187.044229999996,0.0394,563122.95,2022,10,20603.412055999997,13804.468861999998,19740.560724
17.0,25,0,2022-11-30,1,357,21893.015426,0.0394,555660.29,2022,11,22187.044229999996,13985.55796,21058.470301666664
17.0,25,0,2022-12-31,1,398,21055.534935999996,0.0394,534404.44,2022,12,21893.015426,20329.544626,21179.468686666663
17.0,25,0,2023-01-31,1,398,22620.411133999998,0.0394,574122.11,2023,1,21055.534935999996,20514.50241,21530.453473999998
17.0,25,0,2023-02-28,1,357,23130.4398,0.0394,587067.0,2023,2,22620.411133999998,20823.303062,21914.976263666667
17.0,25,0,2023-03-31,1,357,23926.084976,0.0394,607261.04,2023,3,23130.4398,20603.412055999997,22468.755083666667
17.0,25,0,2023-04-30,1,398,24711.716642,0.0394,627200.93,2023,4,23926.084976,22187.044229999996,22889.533819
17.0,25,0,2023-05-31,1,240,25335.977334,0.0394,643045.11,2023,5,24711.716642,21893.015426,23463.360803666666
17.0,25,0,2023-06-30,1,240,25389.179154,0.0394,644395.41,2023,6,25335.977334,21055.534935999996,24185.63484
17.0,25,0,2023-07-31,1,252,25365.742458,0.0394,643800.5700000001,2023,7,25389.179154,22620.411133999998,24643.190060666664
17.0,25,0,2023-08-31,1,252,25893.923491999994,0.0394,657206.1799999999,2023,8,25365.742458,23130.4398,25103.770676
17.0,25,0,2023-09-30,1,252,26739.902167999997,0.0394,678677.72,2023,9,25893.923491999994,23926.084976,25572.740208
17.0,25,0,2023-10-31,1,252,26868.068004,0.0394,681930.66,2023,10,26739.902167999997,24711.716642,25932.132101666666
17.0,25,0,2023-11-30,1,252,26546.036831999998,0.0394,673757.28,2023,11,26868.068004,25335.977334,26133.808684666667
17.0,25,0,2023-12-31,1,171,26748.784109999993,0.0394,678903.1499999999,2023,12,26546.036831999998,25389.179154,26360.409510666665
17.0,25,0,2024-01-31,1,252,28485.637367999996,0.0394,722985.72,2024,1,26748.784109999993,25365.742458,26880.391995666665
17.0,25,0,2024-02-29,1,253,28680.405357999996,0.0394,727929.07,2024,2,28485.637367999996,25893.923491999994,27344.805639999995
17.0,25,0,2024-03-31,1,398,29950.042384000004,0.0394,760153.3600000001,2024,3,28680.405357999996,26739.902167999997,27879.82900933333
17.0,25,0,2024-04-30,1,398,29726.180646,0.0394,754471.5900000001,2024,4,29950.042384000004,26868.068004,28356.18111633333
17.0,25,0,2024-05-31,1,398,30720.507414,0.0394,779708.31,2024,5,29726.180646,26546.036831999998,29051.926213333336
17.0,25,0,2024-06-30,1,398,30318.651053999998,0.0394,769508.91,2024,6,30720.507414,26748.784109999993,29646.90403733333
17.0,25,0,2024-07-31,1,398,31665.827674,0.0394,803701.2100000001,2024,7,30318.651053999998,28485.637367999996,30176.935755
17.0,25,0,2024-08-31,1,398,31858.259638,0.0394,808585.27,2024,8,31665.827674,28680.405357999996,30706.578135
17.0,25,0,2024-09-30,1,398,32454.301655999996,0.0394,823713.24,2024,9,31858.259638,29950.042384000004,31123.954680333332
18.0,34,0,2020-01-31,1,171,4898.934216000001,0.0279,175589.04,2020,1,32454.301655999996,29726.180646,26986.08027533333
18.0,34,0,2020-02-29,1,171,5242.659147,0.0279,187908.93,2020,2,4898.934216000001,30720.507414,22739.772230833336
18.0,34,0,2020-03-31,1,290,5382.825399,0.0279,192932.81,2020,3,5242.659147,30318.651053999998,18583.801288333332
18.0,34,0,2020-04-30,1,289,5383.320345,0.0279,192950.55,2020,4,5382.825399,31665.827674,14203.383400166664
18.0,34,0,2020-05-31,1,289,5544.002862,0.0279,198709.78,2020,5,5383.320345,31858.259638,9817.6739375
18.0,34,0,2020-06-30,1,244,5556.353634,0.0279,199152.46,2020,6,5544.002862,32454.301655999996,5334.6826005
18.0,34,0,2020-07-31,1,252,5728.195593,0.0279,205311.67,2020,7,5556.353634,4898.934216000001,5472.89283
18.0,34,0,2020-08-31,1,252,5994.826965,0.0279,214868.35,2020,8,5728.195593,5242.659147,5598.2541329999995
18.0,34,0,2020-09-30,1,356,6260.668488,0.0279,224396.72,2020,9,5994.826965,5382.825399,5744.5613145
18.0,34,0,2020-10-31,1,398,6411.76596,0.0279,229812.4,2020,10,6260.668488,5383.320345,5915.968917000001
18.0,34,0,2020-11-30,1,398,6469.545465,0.0279,231883.35,2020,11,6411.76596,5544.002862,6070.2260175
18.0,34,0,2020-12-31,1,252,6899.352498,0.0279,247288.62,2020,12,6469.545465,5556.353634,6294.0591615
18.0,34,0,2021-01-31,1,64,7013.382867,0.0279,251375.73,2021,1,6899.352498,5728.195593,6508.257040500001
18.0,34,0,2021-02-28,1,67,7148.208501,0.0279,256208.19,2021,2,7013.382867,5994.826965,6700.4872965
18.0,34,0,2021-03-31,1,67,7283.798316,0.0279,261068.04,2021,3,7148.208501,6260.668488,6871.008934499999
18.0,34,0,2021-04-30,1,67,7506.837891,0.0279,269062.29,2021,4,7283.798316,6411.76596,7053.520923
18.0,34,0,2021-05-31,1,398,7746.904557000001,0.0279,277666.83,2021,5,7506.837891,6469.545465,7266.414105
18.0,34,0,2021-06-30,1,409,7947.429669,0.0279,284854.11,2021,6,7746.904557000001,6899.352498,7441.0936335
18.0,34,0,2021-07-31,1,68,8276.72472,0.0279,296656.8,2021,7,7947.429669,7013.382867,7651.650608999999
18.0,34,0,2021-08-31,1,409,8375.015862000002,0.0279,300179.78,2021,8,8276.72472,7148.208501,7856.1185025
18.0,34,0,2021-09-30,1,409,8570.08764,0.0279,307171.6,2021,9,8375.015862000002,7283.798316,8070.500056500001
18.0,34,0,2021-10-31,1,68,8980.426053,0.0279,321879.06999999995,2021,10,8570.08764,7506.837891,8316.098083500001
18.0,34,0,2021-11-30,1,252,9349.498413,0.0279,335107.47,2021,11,8980.426053,7746.904557000001,8583.1970595
18.0,34,0,2021-12-31,1,68,9696.345912,0.0279,347539.28,2021,12,9349.498413,7947.429669,8874.6831
18.0,34,0,2022-01-31,1,68,9764.652366000002,0.0279,349987.54000000004,2022,1,9696.345912,8276.72472,9122.671041
18.0,34,0,2022-02-28,1,398,9768.653226,0.0279,350130.94,2022,2,9764.652366000002,8375.015862000002,9354.943935000001
18.0,34,0,2022-03-31,1,203,10057.808268,0.0279,360494.92,2022,3,9768.653226,8570.08764,9602.897373
18.0,34,0,2022-04-30,1,252,9775.245717,0.0279,350367.23,2022,4,10057.808268,8980.426053,9735.367317
18.0,34,0,2022-05-31,1,203,9903.478860000001,0.0279,354963.4,2022,5,9775.245717,9349.498413,9827.6973915
18.0,34,0,2022-06-30,1,398,14395.794291,0.0279,515978.29,2022,6,9903.478860000001,9696.345912,10610.938788000001
18.0,34,0,2022-07-31,1,207,14526.766935000001,0.0279,520672.65,2022,7,14395.794291,9764.652366000002,11404.624549499998
18.0,34,0,2022-08-31,1,398,14745.435417,0.0279,528510.23,2022,8,14526.766935000001,9768.653226,12234.088248
18.0,34,0,2022-09-30,1,218,14589.725796,0.0279,522929.24,2022,9,14745.435417,10057.808268,12989.407836
18.0,34,0,2022-10-31,1,53,15711.130304999999,0.0279,563122.95,2022,10,14589.725796,9775.245717,13978.721934000001
18.0,34,0,2022-11-30,1,53,15502.922091000002,0.0279,555660.29,2022,11,15711.130304999999,9903.478860000001,14911.962472500001
18.0,34,0,2022-12-31,1,252,14909.883876,0.0279,534404.44,2022,12,15502.922091000002,14395.794291,14997.64407
18.0,34,0,2023-01-31,1,252,16018.006869,0.0279,574122.11,2023,1,14909.883876,14526.766935000001,15246.184059000001
18.0,34,0,2023-02-28,1,398,16379.169300000001,0.0279,587067.0,2023,2,16018.006869,14745.435417,15518.473039500002
18.0,34,0,2023-03-31,1,207,16942.583016,0.0279,607261.04,2023,3,16379.169300000001,14589.725796,15910.615909499998
18.0,34,0,2023-04-30,1,207,17498.905947000003,0.0279,627200.93,2023,4,16942.583016,15711.130304999999,16208.5785165
18.0,34,0,2023-05-31,1,398,17940.958569000002,0.0279,643045.11,2023,5,17498.905947000003,15502.922091000002,16614.917929500003
18.0,34,0,2023-06-30,1,218,17978.631939000003,0.0279,644395.41,2023,6,17940.958569000002,14909.883876,17126.37594
18.0,34,0,2023-07-31,1,218,17962.035903000004,0.0279,643800.5700000001,2023,7,17978.631939000003,16018.006869,17450.380779000003
18.0,34,0,2023-08-31,1,240,18336.052422,0.0279,657206.1799999999,2023,8,17962.035903000004,16379.169300000001,17776.527966000005
18.0,34,0,2023-09-30,1,240,18935.108388,0.0279,678677.72,2023,9,18336.052422,16942.583016,18108.615528000002
18.0,34,0,2023-10-31,1,289,19025.865414000004,0.0279,681930.66,2023,10,18935.108388,17498.905947000003,18363.1087725
18.0,34,0,2023-11-30,1,207,18797.828112000003,0.0279,673757.28,2023,11,19025.865414000004,17940.958569000002,18505.920363
18.0,34,0,2023-12-31,1,398,18941.397885,0.0279,678903.1499999999,2023,12,18797.828112000003,17978.631939000003,18666.381354
18.0,34,0,2024-01-31,1,64,20171.301588,0.0279,722985.72,2024,1,18941.397885,17962.035903000004,19034.5923015
18.0,34,0,2024-02-29,1,406,20309.221053,0.0279,727929.07,2024,2,20171.301588,18336.052422,19363.45374
18.0,34,0,2024-03-31,1,68,21208.278744000003,0.0279,760153.3600000001,2024,3,20309.221053,18935.108388,19742.315466000004
18.0,34,0,2024-04-30,1,387,21049.757361000004,0.0279,754471.5900000001,2024,4,21208.278744000003,19025.865414000004,20079.6307905
18.0,34,0,2024-05-31,1,276,21753.861849,0.0279,779708.31,2024,5,21049.757361000004,18797.828112000003,20572.30308
18.0,34,0,2024-06-30,1,46,21469.298589,0.0279,769508.91,2024,6,21753.861849,18941.397885,20993.619864
18.0,34,0,2024-07-31,1,137,22423.263759000005,0.0279,803701.2100000001,2024,7,21469.298589,20171.301588,21368.946892500004
18.0,34,0,2024-08-31,1,381,22559.529033000003,0.0279,808585.27,2024,8,22423.263759000005,20309.221053,21743.998222500002
18.0,34,0,2024-09-30,1,218,22981.599396,0.0279,823713.24,2024,9,22559.529033000003,21208.278744000003,22039.551664500003
19.0,7,0,2020-01-31,1,143,8041.978032000001,0.0458,175589.04,2020,1,22981.599396,21049.757361000004,19871.588443000004
19.0,7,0,2020-02-29,1,383,8606.228994,0.0458,187908.93,2020,2,8041.978032000001,21753.861849,17680.3163005
19.0,7,0,2020-03-31,1,218,8836.322698,0.0458,192932.81,2020,3,8606.228994,21469.298589,15574.820318666667
19.0,7,0,2020-04-30,1,143,8837.135189999999,0.0458,192950.55,2020,4,8836.322698,22423.263759000005,13310.465557166666
19.0,7,0,2020-05-31,1,384,9100.907924,0.0458,198709.78,2020,5,8837.135189999999,22559.529033000003,11067.362039
19.0,7,0,2020-06-30,1,218,9121.182668,0.0458,199152.46,2020,6,9100.907924,22981.599396,8757.292584333332
19.0,7,0,2020-07-31,1,143,9403.274486,0.0458,205311.67,2020,7,9121.182668,8041.978032000001,8984.175326666666
19.0,7,0,2020-08-31,1,93,9840.970430000001,0.0458,214868.35,2020,8,9403.274486,8606.228994,9189.965566
19.0,7,0,2020-09-30,1,390,10277.369776,0.0458,224396.72,2020,9,9840.970430000001,8836.322698,9430.140079
19.0,7,0,2020-10-31,1,207,10525.40792,0.0458,229812.4,2020,10,10277.369776,8837.135189999999,9711.518867333334
19.0,7,0,2020-11-30,1,143,10620.25743,0.0458,231883.35,2020,11,10525.40792,9100.907924,9964.743785
19.0,7,0,2020-12-31,1,382,11325.818796,0.0458,247288.62,2020,12,10620.25743,9121.182668,10332.183139666666
19.0,7,0,2021-01-31,1,0,11513.008434000001,0.0458,251375.73,2021,1,11325.818796,9403.274486,10683.805464333333
19.0,7,0,2021-02-28,1,147,11734.335102000001,0.0458,256208.19,2021,2,11513.008434000001,9840.970430000001,10999.366242999999
19.0,7,0,2021-03-31,1,108,11956.916232,0.0458,261068.04,2021,3,11734.335102000001,10277.369776,11279.290652333331
19.0,7,0,2021-04-30,1,389,12323.052882,0.0458,269062.29,2021,4,11956.916232,10525.40792,11578.898146
19.0,7,0,2021-05-31,1,389,12717.140814,0.0458,277666.83,2021,5,12323.052882,10620.25743,11928.378709999999
19.0,7,0,2021-06-30,1,207,13046.318238,0.0458,284854.11,2021,6,12717.140814,11325.818796,12215.128617
19.0,7,0,2021-07-31,1,207,13586.88144,0.0458,296656.8,2021,7,13046.318238,11513.008434000001,12560.774118000001
19.0,7,0,2021-08-31,1,179,13748.233924000002,0.0458,300179.78,2021,8,13586.88144,11734.335102000001,12896.423921666668
19.0,7,0,2021-09-30,1,179,14068.45928,0.0458,307171.6,2021,9,13748.233924000002,11956.916232,13248.347763
19.0,7,0,2021-10-31,1,257,14742.061405999997,0.0458,321879.06999999995,2021,10,14068.45928,12323.052882,13651.515850333331
19.0,7,0,2021-11-30,1,218,15347.922126,0.0458,335107.47,2021,11,14742.061405999997,12717.140814,14089.979402333332
19.0,7,0,2021-12-31,1,218,15917.299024000002,0.0458,347539.28,2021,12,15347.922126,13046.318238,14568.4762
19.0,7,0,2022-01-31,1,184,16029.429332000002,0.0458,349987.54000000004,2022,1,15917.299024000002,13586.88144,14975.567515333334
19.0,7,0,2022-02-28,1,184,16035.997052,0.0458,350130.94,2022,2,16029.429332000002,13748.233924000002,15356.861369999999
19.0,7,0,2022-03-31,1,205,16510.667336,0.0458,360494.92,2022,3,16035.997052,14068.45928,15763.896046
19.0,7,0,2022-04-30,1,108,16046.819134,0.0458,350367.23,2022,4,16510.667336,14742.061405999997,15981.355667333335
19.0,7,0,2022-05-31,1,108,16257.32372,0.0458,354963.4,2022,5,16046.819134,15347.922126,16132.922599666666
19.0,7,0,2022-06-30,1,257,23631.805682,0.0458,515978.29,2022,6,16257.32372,15917.299024000002,17418.673709333332
19.0,7,0,2022-07-31,1,257,23846.807370000002,0.0458,520672.65,2022,7,23631.805682,16029.429332000002,18721.570048999998
19.0,7,0,2022-08-31,1,278,24205.768534,0.0458,528510.23,2022,8,23846.807370000002,16035.997052,20083.198629333332
19.0,7,0,2022-09-30,1,388,23950.159192,0.0458,522929.24,2022,9,24205.768534,16510.667336,21323.113938666665
19.0,7,0,2022-10-31,1,207,25791.03111,0.0458,563122.95,2022,10,23950.159192,16046.819134,22947.149267999997
19.0,7,0,2022-11-30,1,97,25449.241282000003,0.0458,555660.29,2022,11,25791.03111,16257.32372,24479.13552833333
19.0,7,0,2022-12-31,1,4,24475.723351999997,0.0458,534404.44,2022,12,25449.241282000003,23631.805682,24619.788473333334
19.0,7,0,2023-01-31,1,10,26294.792638,0.0458,574122.11,2023,1,24475.723351999997,23846.807370000002,25027.786018
19.0,7,0,2023-02-28,1,11,26887.6686,0.0458,587067.0,2023,2,26294.792638,24205.768534,25474.769362333333
19.0,7,0,2023-03-31,1,18,27812.555632000003,0.0458,607261.04,2023,3,26887.6686,23950.159192,26118.502102333336
19.0,7,0,2023-04-30,1,13,28725.802594000004,0.0458,627200.93,2023,4,27812.555632000003,25791.03111,26607.630683
19.0,7,0,2023-05-31,1,17,29451.466038,0.0458,643045.11,2023,5,28725.802594000004,25449.241282000003,27274.668142333336
19.0,7,0,2023-06-30,1,6,29513.309778000003,0.0458,644395.41,2023,6,29451.466038,24475.723351999997,28114.265880000003
19.0,7,0,2023-07-31,1,3,29486.066106000002,0.0458,643800.5700000001,2023,7,29513.309778000003,26294.792638,28646.144791333336
19.0,7,0,2023-08-31,1,19,30100.043044,0.0458,657206.1799999999,2023,8,29486.066106000002,26887.6686,29181.540532000003
19.0,7,0,2023-09-30,1,9,31083.439576,0.0458,678677.72,2023,9,30100.043044,27812.555632000003,29726.687856000004
19.0,7,0,2023-10-31,1,8,31232.424228000003,0.0458,681930.66,2023,10,31083.439576,28725.802594000004,30144.458128333335
19.0,7,0,2023-11-30,1,7,30858.083424,0.0458,673757.28,2023,11,31232.424228000003,29451.466038,30378.894359333335
19.0,7,0,2023-12-31,1,2,31093.764269999996,0.0458,678903.1499999999,2023,12,30858.083424,29513.309778000003,30642.303441333333
19.0,7,0,2024-01-31,1,192,33112.745976,0.0458,722985.72,2024,1,31093.764269999996,29486.066106000002,31246.750086333337
19.0,7,0,2024-02-29,1,177,33339.151406,0.0458,727929.07,2024,2,33112.745976,30100.043044,31786.601479999998
19.0,7,0,2024-03-31,1,150,34815.023888,0.0458,760153.3600000001,2024,3,33339.151406,31083.439576,32408.532198666664
19.0,7,0,2024-04-30,1,153,34554.798822000004,0.0458,754471.5900000001,2024,4,34815.023888,31232.424228000003,32962.261297666664
19.0,7,0,2024-05-31,1,152,35710.640598000005,0.0458,779708.31,2024,5,34554.798822000004,30858.083424,33771.02082666667
19.0,7,0,2024-06-30,1,196,35243.508078,0.0458,769508.91,2024,6,35710.640598000005,31093.764269999996,34462.64479466667
19.0,7,0,2024-07-31,1,195,36809.515418,0.0458,803701.2100000001,2024,7,35243.508078,33112.745976,35078.773035
19.0,7,0,2024-08-31,1,252,37033.205366,0.0458,808585.27,2024,8,36809.515418,33339.151406,35694.44869500001
19.0,7,0,2024-09-30,1,114,37726.066392,0.0458,823713.24,2024,9,37033.205366,34815.023888,36179.62244566667
20.0,24,0,2020-01-31,1,143,10746.049248,0.0612,175589.04,2020,1,37726.066392,34554.798822000004,32211.49751666667
20.0,24,0,2020-02-29,1,252,11500.026516,0.0612,187908.93,2020,2,10746.049248,35710.640598000005,28176.395169666666
20.0,24,0,2020-03-31,1,184,11807.487971999999,0.0612,192932.81,2020,3,11500.026516,35243.508078,24270.391818666667
20.0,24,0,2020-04-30,1,1,11808.573659999998,0.0612,192950.55,2020,4,11807.487971999999,36809.515418,20103.568192333336
20.0,24,0,2020-05-31,1,179,12161.038536,0.0612,198709.78,2020,5,11808.573659999998,37033.205366,15958.207053999999
20.0,24,0,2020-06-30,1,252,12188.130551999999,0.0612,199152.46,2020,6,12161.038536,37726.066392,11701.884414
20.0,24,0,2020-07-31,1,184,12565.074204,0.0612,205311.67,2020,7,12188.130551999999,10746.049248,12005.05524
20.0,24,0,2020-08-31,1,252,13149.94302,0.0612,214868.35,2020,8,12565.074204,11500.026516,12280.041324
20.0,24,0,2020-09-30,1,185,13733.079264,0.0612,224396.72,2020,9,13149.94302,11807.487971999999,12600.973206
20.0,24,0,2020-10-31,1,114,14064.51888,0.0612,229812.4,2020,10,13733.079264,11808.573659999998,12976.964075999998
20.0,24,0,2020-11-30,1,252,14191.26102,0.0612,231883.35,2020,11,14064.51888,12161.038536,13315.334490000001
20.0,24,0,2020-12-31,1,143,15134.063543999999,0.0612,247288.62,2020,12,14191.26102,12188.130551999999,13806.323322000002
20.0,24,0,2021-01-31,1,103,15384.194676,0.0612,251375.73,2021,1,15134.063543999999,12565.074204,14276.176733999999
20.0,24,0,2021-02-28,1,143,15679.941228,0.0612,256208.19,2021,2,15384.194676,13149.94302,14697.843101999999
20.0,24,0,2021-03-31,1,252,15977.364048,0.0612,261068.04,2021,3,15679.941228,13733.079264,15071.890565999996
20.0,24,0,2021-04-30,1,103,16466.612147999997,0.0612,269062.29,2021,4,15977.364048,14064.51888,15472.239443999999
20.0,24,0,2021-05-31,1,143,16993.209996,0.0612,277666.83,2021,5,16466.612147999997,14191.26102,15939.23094
20.0,24,0,2021-06-30,1,252,17433.071531999998,0.0612,284854.11,2021,6,16993.209996,15134.063543999999,16322.398937999998
20.0,24,0,2021-07-31,1,143,18155.39616,0.0612,296656.8,2021,7,17433.071531999998,15384.194676,16784.265852
20.0,24,0,2021-08-31,1,252,18371.002536,0.0612,300179.78,2021,8,18155.39616,15679.941228,17232.776069999996
20.0,24,0,2021-09-30,1,143,18798.901919999997,0.0612,307171.6,2021,9,18371.002536,15977.364048,17703.032382
20.0,24,0,2021-10-31,1,370,19698.999083999995,0.0612,321879.06999999995,2021,10,18798.901919999997,16466.612147999997,18241.763538
20.0,24,0,2021-11-30,1,143,20508.577164,0.0612,335107.47,2021,11,19698.999083999995,16993.209996,18827.658066
20.0,24,0,2021-12-31,1,371,21269.403936000002,0.0612,347539.28,2021,12,20508.577164,17433.071531999998,19467.0468
20.0,24,0,2022-01-31,1,143,21419.237448,0.0612,349987.54000000004,2022,1,21269.403936000002,18155.39616,20011.020348000002
20.0,24,0,2022-02-28,1,252,21428.013528,0.0612,350130.94,2022,2,21419.237448,18371.002536,20520.522179999996
20.0,24,0,2022-03-31,1,143,22062.289104,0.0612,360494.92,2022,3,21428.013528,18798.901919999997,21064.420044
20.0,24,0,2022-04-30,1,103,21442.474476,0.0612,350367.23,2022,4,22062.289104,19698.999083999995,21354.999276
20.0,24,0,2022-05-31,1,252,21723.76008,0.0612,354963.4,2022,5,21442.474476,20508.577164,21557.529762000002
20.0,24,0,2022-06-30,1,143,31577.871347999997,0.0612,515978.29,2022,6,21723.76008,21269.403936000002,23275.607664
20.0,24,0,2022-07-31,1,371,31865.16618,0.0612,520672.65,2022,7,31577.871347999997,21419.237448,25016.595786
20.0,24,0,2022-08-31,1,372,32344.826075999998,0.0612,528510.23,2022,8,31865.16618,21428.013528,26836.064543999997
20.0,24,0,2022-09-30,1,114,32003.269487999998,0.0612,522929.24,2022,9,32344.826075999998,22062.289104,28492.894608
20.0,24,0,2022-10-31,1,143,34463.12454,0.0612,563122.95,2022,10,32003.269487999998,21442.474476,30663.002952
20.0,24,0,2022-11-30,1,118,34006.409748,0.0612,555660.29,2022,11,34463.12454,21723.76008,32710.111229999995
20.0,24,0,2022-12-31,1,163,32705.551727999995,0.0612,534404.44,2022,12,34006.409748,31577.871347999997,32898.05796
20.0,24,0,2023-01-31,1,119,35136.273131999995,0.0612,574122.11,2023,1,32705.551727999995,31865.16618,33443.242452
20.0,24,0,2023-02-28,1,164,35928.5004,0.0612,587067.0,2023,2,35136.273131999995,32344.826075999998,34040.521506
20.0,24,0,2023-03-31,1,117,37164.375648,0.0612,607261.04,2023,3,35928.5004,32003.269487999998,34900.705866
20.0,24,0,2023-04-30,1,162,38384.696916,0.0612,627200.93,2023,4,37164.375648,34463.12454,35554.30126199999
20.0,24,0,2023-05-31,1,120,39354.360732,0.0612,643045.11,2023,5,38384.696916,34006.409748,36445.626425999995
20.0,24,0,2023-06-30,1,165,39436.999092,0.0612,644395.41,2023,6,39354.360732,32705.551727999995,37567.53432
20.0,24,0,2023-07-31,1,116,39400.594884000006,0.0612,643800.5700000001,2023,7,39436.999092,35136.273131999995,38278.254612
20.0,24,0,2023-08-31,1,161,40221.018216,0.0612,657206.1799999999,2023,8,39400.594884000006,35928.5004,38993.674248
20.0,24,0,2023-09-30,1,250,41535.076464,0.0612,678677.72,2023,9,40221.018216,37164.375648,39722.124384
20.0,24,0,2023-10-31,1,251,41734.156392,0.0612,681930.66,2023,10,41535.076464,38384.696916,40280.36763
20.0,24,0,2023-11-30,1,112,41233.945536,0.0612,673757.28,2023,11,41734.156392,39354.360732,40593.631764
20.0,24,0,2023-12-31,1,159,41548.87277999999,0.0612,678903.1499999999,2023,12,41233.945536,39436.999092,40945.610711999994
20.0,24,0,2024-01-31,1,126,44246.726063999995,0.0612,722985.72,2024,1,41548.87277999999,39400.594884000006,41753.299242
20.0,24,0,2024-02-29,1,168,44549.259084,0.0612,727929.07,2024,2,44246.726063999995,40221.018216,42474.672719999995
20.0,24,0,2024-03-31,1,124,46521.385632000005,0.0612,760153.3600000001,2024,3,44549.259084,41535.076464,43305.72424799999
20.0,24,0,2024-04-30,1,166,46173.661308,0.0612,754471.5900000001,2024,4,46521.385632000005,41734.156392,44045.641734000004
20.0,24,0,2024-05-31,1,125,47718.148572,0.0612,779708.31,2024,5,46173.661308,41233.945536,45126.34224
20.0,24,0,2024-06-30,1,167,47093.945292,0.0612,769508.91,2024,6,47718.148572,41548.87277999999,46050.520992000005
20.0,24,0,2024-07-31,1,123,49186.514052000006,0.0612,803701.2100000001,2024,7,47093.945292,44246.726063999995,46873.81899
20.0,24,0,2024-08-31,1,144,49485.418524,0.0612,808585.27,2024,8,49186.514052000006,44549.259084,47696.51223
20.0,24,0,2024-09-30,1,122,50411.250287999996,0.0612,823713.24,2024,9,49485.418524,46521.385632000005,48344.823006
21.0,3,0,2020-01-31,1,191,3037.690392,0.0173,175589.04,2020,1,50411.250287999996,46173.661308,41155.49452
21.0,3,0,2020-02-29,1,110,3250.8244889999996,0.0173,187908.93,2020,2,3037.690392,47718.148572,33744.2738395
21.0,3,0,2020-03-31,1,111,3337.737613,0.0173,192932.81,2020,3,3250.8244889999996,47093.945292,26451.57255966667
21.0,3,0,2020-04-30,1,114,3338.0445149999996,0.0173,192950.55,2020,4,3337.737613,49186.514052000006,18810.160970166664
21.0,3,0,2020-05-31,1,114,3437.679194,0.0173,198709.78,2020,5,3338.0445149999996,49485.418524,11135.537748499999
21.0,3,0,2020-06-30,1,252,3445.3375579999997,0.0173,199152.46,2020,6,3437.679194,50411.250287999996,3307.885626833333
21.0,3,0,2020-07-31,1,252,3551.891891,0.0173,205311.67,2020,7,3445.3375579999997,3037.690392,3393.5858766666665
21.0,3,0,2020-08-31,1,286,3717.222455,0.0173,214868.35,2020,8,3551.891891,3250.8244889999996,3471.318871
21.0,3,0,2020-09-30,1,370,3882.063256,0.0173,224396.72,2020,9,3717.222455,3337.737613,3562.0398114999994
21.0,3,0,2020-10-31,1,228,3975.75452,0.0173,229812.4,2020,10,3882.063256,3338.0445149999996,3668.3248123333337
21.0,3,0,2020-11-30,1,371,4011.581955,0.0173,231883.35,2020,11,3975.75452,3437.679194,3763.9752725
21.0,3,0,2020-12-31,1,371,4278.093126,0.0173,247288.62,2020,12,4011.581955,3445.3375579999997,3902.7678671666667
21.0,3,0,2021-01-31,1,60,4348.800129,0.0173,251375.73,2021,1,4278.093126,3551.891891,4035.585906833334
21.0,3,0,2021-02-28,1,193,4432.401687,0.0173,256208.19,2021,2,4348.800129,3717.222455,4154.7824455
21.0,3,0,2021-03-31,1,114,4516.477092,0.0173,261068.04,2021,3,4432.401687,3882.063256,4260.518084833334
21.0,3,0,2021-04-30,1,252,4654.777617,0.0173,269062.29,2021,4,4516.477092,3975.75452,4373.688601
21.0,3,0,2021-05-31,1,99,4803.636159,0.0173,277666.83,2021,5,4654.777617,4011.581955,4505.697635
21.0,3,0,2021-06-30,1,101,4927.976103,0.0173,284854.11,2021,6,4803.636159,4278.093126,4614.0114645
21.0,3,0,2021-07-31,1,252,5132.16264,0.0173,296656.8,2021,7,4927.976103,4348.800129,4744.571883
21.0,3,0,2021-08-31,1,252,5193.110194,0.0173,300179.78,2021,8,5132.16264,4432.401687,4871.3566341666665
21.0,3,0,2021-09-30,1,101,5314.068679999999,0.0173,307171.6,2021,9,5193.110194,4516.477092,5004.2885655
21.0,3,0,2021-10-31,1,132,5568.507910999999,0.0173,321879.06999999995,2021,10,5314.068679999999,4654.777617,5156.576947833332
21.0,3,0,2021-11-30,1,43,5797.359230999999,0.0173,335107.47,2021,11,5568.507910999999,4803.636159,5322.197459833333
21.0,3,0,2021-12-31,1,353,6012.4295440000005,0.0173,347539.28,2021,12,5797.359230999999,4927.976103,5502.9397
21.0,3,0,2022-01-31,1,89,6054.784442,0.0173,349987.54000000004,2022,1,6012.4295440000005,5132.16264,5656.710000333333
21.0,3,0,2022-02-28,1,354,6057.265262,0.0173,350130.94,2022,2,6054.784442,5193.110194,5800.735845
21.0,3,0,2022-03-31,1,56,6236.562115999999,0.0173,360494.92,2022,3,6057.265262,5314.068679999999,5954.484751
21.0,3,0,2022-04-30,1,240,6061.3530789999995,0.0173,350367.23,2022,4,6236.562115999999,5568.507910999999,6036.625612333333
21.0,3,0,2022-05-31,1,351,6140.86682,0.0173,354963.4,2022,5,6061.3530789999995,5797.359230999999,6093.876877166666
21.0,3,0,2022-06-30,1,72,8926.424417,0.0173,515978.29,2022,6,6140.86682,6012.4295440000005,6579.542689333332
21.0,3,0,2022-07-31,1,132,9007.636845,0.0173,520672.65,2022,7,8926.424417,6054.784442,7071.684756499999
21.0,3,0,2022-08-31,1,43,9143.226979,0.0173,528510.23,2022,8,9007.636845,6057.265262,7586.011709333332
21.0,3,0,2022-09-30,1,353,9046.675852,0.0173,522929.24,2022,9,9143.226979,6236.562115999999,8054.363998666668
21.0,3,0,2022-10-31,1,89,9742.027035,0.0173,563122.95,2022,10,9046.675852,6061.3530789999995,8667.809658
21.0,3,0,2022-11-30,1,231,9612.923017000001,0.0173,555660.29,2022,11,9742.027035,6140.86682,9246.485690833333
21.0,3,0,2022-12-31,1,132,9245.196811999998,0.0173,534404.44,2022,12,9612.923017000001,8926.424417,9299.614423333333
21.0,3,0,2023-01-31,1,43,9932.312503,0.0173,574122.11,2023,1,9245.196811999998,9007.636845,9453.727033
21.0,3,0,2023-02-28,1,353,10156.2591,0.0173,587067.0,2023,2,9932.312503,9143.226979,9622.565719833334
21.0,3,0,2023-03-31,1,84,10505.615992000001,0.0173,607261.04,2023,3,10156.2591,9046.675852,9865.722409833334
21.0,3,0,2023-04-30,1,231,10850.576089,0.0173,627200.93,2023,4,10505.615992000001,9742.027035,10050.4805855
21.0,3,0,2023-05-31,1,371,11124.680402999998,0.0173,643045.11,2023,5,10850.576089,9612.923017000001,10302.440149833334
21.0,3,0,2023-06-30,1,132,11148.040593,0.0173,644395.41,2023,6,11124.680402999998,9245.196811999998,10619.580779999998
21.0,3,0,2023-07-31,1,43,11137.749861,0.0173,643800.5700000001,2023,7,11148.040593,9932.312503,10820.487006333333
21.0,3,0,2023-08-31,1,353,11369.666913999998,0.0173,657206.1799999999,2023,8,11137.749861,10156.2591,11022.721641999999
21.0,3,0,2023-09-30,1,84,11741.124555999999,0.0173,678677.72,2023,9,11369.666913999998,10505.615992000001,11228.639735999997
21.0,3,0,2023-10-31,1,231,11797.400418,0.0173,681930.66,2023,10,11741.124555999999,10850.576089,11386.443790833333
21.0,3,0,2023-11-30,1,134,11656.000944,0.0173,673757.28,2023,11,11797.400418,11124.680402999998,11474.997214333334
21.0,3,0,2023-12-31,1,43,11745.024494999998,0.0173,678903.1499999999,2023,12,11656.000944,11148.040593,11574.494531333332
21.0,3,0,2024-01-31,1,353,12507.652956,0.0173,722985.72,2024,1,11745.024494999998,11137.749861,11802.811713833333
21.0,3,0,2024-02-29,1,84,12593.172910999998,0.0173,727929.07,2024,2,12507.652956,11369.666913999998,12006.729379999999
21.0,3,0,2024-03-31,1,231,13150.653128000002,0.0173,760153.3600000001,2024,3,12593.172910999998,11741.124555999999,12241.650808666665
21.0,3,0,2024-04-30,1,354,13052.358507,0.0173,754471.5900000001,2024,4,13150.653128000002,11797.400418,12450.810490166667
21.0,3,0,2024-05-31,1,56,13488.953763000001,0.0173,779708.31,2024,5,13052.358507,11656.000944,12756.302626666666
21.0,3,0,2024-06-30,1,56,13312.504143,0.0173,769508.91,2024,6,13488.953763000001,11745.024494999998,13017.549234666667
21.0,3,0,2024-07-31,1,56,13904.030933,0.0173,803701.2100000001,2024,7,13312.504143,12507.652956,13250.2788975
21.0,3,0,2024-08-31,1,240,13988.525171,0.0173,808585.27,2024,8,13904.030933,12593.172910999998,13482.8376075
21.0,3,0,2024-09-30,1,240,14250.239051999999,0.0173,823713.24,2024,9,13988.525171,13150.653128000002,13666.101928166667
22.0,8,0,2020-01-31,1,351,2791.865736,0.0159,175589.04,2020,1,14250.239051999999,13052.358507,11956.019799666668
22.0,8,0,2020-02-29,1,351,2987.751987,0.0159,187908.93,2020,2,2791.865736,13488.953763000001,10205.819503666666
22.0,8,0,2020-03-31,1,73,3067.631679,0.0159,192932.81,2020,3,2987.751987,13312.504143,8498.340759666666
22.0,8,0,2020-04-30,1,57,3067.913745,0.0159,192950.55,2020,4,3067.631679,13904.030933,6692.321228333333
22.0,8,0,2020-05-31,1,57,3159.485502,0.0159,198709.78,2020,5,3067.913745,13988.525171,4887.4812835
22.0,8,0,2020-06-30,1,57,3166.5241140000003,0.0159,199152.46,2020,6,3159.485502,14250.239051999999,3040.1954605000005
22.0,8,0,2020-07-31,1,77,3264.4555530000002,0.0159,205311.67,2020,7,3166.5241140000003,2791.865736,3118.9604300000005
22.0,8,0,2020-08-31,1,133,3416.406765,0.0159,214868.35,2020,8,3264.4555530000002,2987.751987,3190.4028930000004
22.0,8,0,2020-09-30,1,43,3567.9078480000003,0.0159,224396.72,2020,9,3416.406765,3067.631679,3273.7822545
22.0,8,0,2020-10-31,1,353,3654.0171600000003,0.0159,229812.4,2020,10,3567.9078480000003,3067.913745,3371.4661570000003
22.0,8,0,2020-11-30,1,84,3686.9452650000003,0.0159,231883.35,2020,11,3654.0171600000003,3159.485502,3459.3761175000004
22.0,8,0,2020-12-31,1,231,3931.889058,0.0159,247288.62,2020,12,3686.9452650000003,3166.5241140000003,3586.9369415
22.0,8,0,2021-01-31,1,132,3996.8741070000005,0.0159,251375.73,2021,1,3931.889058,3264.4555530000002,3709.0067005
22.0,8,0,2021-02-28,1,132,4073.7102210000003,0.0159,256208.19,2021,2,3996.8741070000005,3416.406765,3818.5572765
22.0,8,0,2021-03-31,1,43,4150.981836,0.0159,261068.04,2021,3,4073.7102210000003,3567.9078480000003,3915.7362745000005
22.0,8,0,2021-04-30,1,121,4278.090411,0.0159,269062.29,2021,4,4150.981836,3654.0171600000003,4019.7484830000008
22.0,8,0,2021-05-31,1,121,4414.902597,0.0159,277666.83,2021,5,4278.090411,3686.9452650000003,4141.074705
22.0,8,0,2021-06-30,1,121,4529.180349,0.0159,284854.11,2021,6,4414.902597,3931.889058,4240.6232535
22.0,8,0,2021-07-31,1,43,4716.84312,0.0159,296656.8,2021,7,4529.180349,3996.8741070000005,4360.6180890000005
22.0,8,0,2021-08-31,1,121,4772.858502000001,0.0159,300179.78,2021,8,4716.84312,4073.7102210000003,4477.1428025
22.0,8,0,2021-09-30,1,43,4884.02844,0.0159,307171.6,2021,9,4772.858502000001,4150.981836,4599.3172365
22.0,8,0,2021-10-31,1,353,5117.877213,0.0159,321879.06999999995,2021,10,4884.02844,4278.090411,4739.2817035
22.0,8,0,2021-11-30,1,43,5328.208773,0.0159,335107.47,2021,11,5117.877213,4414.902597,4891.4993995
22.0,8,0,2021-12-31,1,43,5525.874552000001,0.0159,347539.28,2021,12,5328.208773,4529.180349,5057.6151
22.0,8,0,2022-01-31,1,353,5564.801886000001,0.0159,349987.54000000004,2022,1,5525.874552000001,4716.84312,5198.941561000001
22.0,8,0,2022-02-28,1,275,5567.081946,0.0159,350130.94,2022,2,5564.801886000001,4772.858502000001,5331.312135
22.0,8,0,2022-03-31,1,225,5731.8692280000005,0.0159,360494.92,2022,3,5567.081946,4884.02844,5472.618933000001
22.0,8,0,2022-04-30,1,75,5570.838957,0.0159,350367.23,2022,4,5731.8692280000005,5117.877213,5548.112557
22.0,8,0,2022-05-31,1,252,5643.918060000001,0.0159,354963.4,2022,5,5570.838957,5328.208773,5600.7307715000015
22.0,8,0,2022-06-30,1,75,8204.054811,0.0159,515978.29,2022,6,5643.918060000001,5525.874552000001,6047.094148000001
22.0,8,0,2022-07-31,1,207,8278.695135000002,0.0159,520672.65,2022,7,8204.054811,5564.801886000001,6499.409689500001
22.0,8,0,2022-08-31,1,376,8403.312657,0.0159,528510.23,2022,8,8278.695135000002,5567.081946,6972.114807999999
22.0,8,0,2022-09-30,1,47,8314.574916,0.0159,522929.24,2022,9,8403.312657,5731.8692280000005,7402.565756000001
22.0,8,0,2022-10-31,1,200,8953.654905,0.0159,563122.95,2022,10,8314.574916,5570.838957,7966.3684140000005
22.0,8,0,2022-11-30,1,199,8834.998611,0.0159,555660.29,2022,11,8953.654905,5643.918060000001,8498.2151725
22.0,8,0,2022-12-31,1,215,8497.030596,0.0159,534404.44,2022,12,8834.998611,8204.054811,8547.04447
22.0,8,0,2023-01-31,1,67,9128.541549,0.0159,574122.11,2023,1,8497.030596,8278.695135000002,8688.685539
22.0,8,0,2023-02-28,1,406,9334.365300000001,0.0159,587067.0,2023,2,9128.541549,8403.312657,8843.860979500001
22.0,8,0,2023-03-31,1,156,9655.450536,0.0159,607261.04,2023,3,9334.365300000001,8314.574916,9067.340249500001
22.0,8,0,2023-04-30,1,209,9972.494787000001,0.0159,627200.93,2023,4,9655.450536,8953.654905,9237.1468965
22.0,8,0,2023-05-31,1,220,10224.417249,0.0159,643045.11,2023,5,9972.494787000001,8834.998611,9468.7166695
22.0,8,0,2023-06-30,1,211,10245.887019000002,0.0159,644395.41,2023,6,10224.417249,8497.030596,9760.19274
22.0,8,0,2023-07-31,1,212,10236.429063000001,0.0159,643800.5700000001,2023,7,10245.887019000002,9128.541549,9944.840659000001
22.0,8,0,2023-08-31,1,66,10449.578261999999,0.0159,657206.1799999999,2023,8,10236.429063000001,9334.365300000001,10130.709486
22.0,8,0,2023-09-30,1,409,10790.975748,0.0159,678677.72,2023,9,10449.578261999999,9655.450536,10319.963688000002
22.0,8,0,2023-10-31,1,158,10842.697494000002,0.0159,681930.66,2023,10,10790.975748,9972.494787000001,10464.997472500001
22.0,8,0,2023-11-30,1,206,10712.740752000002,0.0159,673757.28,2023,11,10842.697494000002,10224.417249,10546.384723000001
22.0,8,0,2023-12-31,1,198,10794.560085,0.0159,678903.1499999999,2023,12,10712.740752000002,10245.887019000002,10637.830234000001
22.0,8,0,2024-01-31,1,375,11495.472948,0.0159,722985.72,2024,1,10794.560085,10236.429063000001,10847.6708815
22.0,8,0,2024-02-29,1,47,11574.072213,0.0159,727929.07,2024,2,11495.472948,10449.578261999999,11035.086540000002
22.0,8,0,2024-03-31,1,207,12086.438424000002,0.0159,760153.3600000001,2024,3,11574.072213,10790.975748,11250.996986
22.0,8,0,2024-04-30,1,61,11996.098281000002,0.0159,754471.5900000001,2024,4,12086.438424000002,10842.697494000002,11443.230450500001
22.0,8,0,2024-05-31,1,375,12397.362129000001,0.0159,779708.31,2024,5,11996.098281000002,10712.740752000002,11724.000680000003
22.0,8,0,2024-06-30,1,207,12235.191669000002,0.0159,769508.91,2024,6,12397.362129000001,10794.560085,11964.105944
22.0,8,0,2024-07-31,1,207,12778.849239000003,0.0159,803701.2100000001,2024,7,12235.191669000002,11495.472948,12178.001992500002
22.0,8,0,2024-08-31,1,61,12856.505793,0.0159,808585.27,2024,8,12778.849239000003,11574.072213,12391.740922500001
22.0,8,0,2024-09-30,1,61,13097.040516000001,0.0159,823713.24,2024,9,12856.505793,12086.438424000002,12560.174604500002
23.0,12,0,2020-01-31,1,207,12712.646496000001,0.0724,175589.04,2020,1,13097.040516000001,11996.098281000002,12679.599307000002
23.0,12,0,2020-02-29,1,207,13604.606532,0.0724,187908.93,2020,2,12712.646496000001,12397.362129000001,12880.806707500002
23.0,12,0,2020-03-31,1,207,13968.335444,0.0724,192932.81,2020,3,13604.606532,12235.191669000002,13169.664003333333
23.0,12,0,2020-04-30,1,5,13969.61982,0.0724,192950.55,2020,4,13968.335444,12778.849239000003,13368.125766833333
23.0,12,0,2020-05-31,1,14,14386.588072,0.0724,198709.78,2020,5,13969.61982,12856.505793,13623.139480000003
23.0,12,0,2020-06-30,1,78,14418.638104000001,0.0724,199152.46,2020,6,14386.588072,13097.040516000001,13843.405744666668
23.0,12,0,2020-07-31,1,75,14864.564908000002,0.0724,205311.67,2020,7,14418.638104000001,12712.646496000001,14202.058813333335
23.0,12,0,2020-08-31,1,252,15556.468540000002,0.0724,214868.35,2020,8,14864.564908000002,13604.606532,14527.369148
23.0,12,0,2020-09-30,1,129,16246.322528,0.0724,224396.72,2020,9,15556.468540000002,13968.335444,14907.033662000002
23.0,12,0,2020-10-31,1,75,16638.41776,0.0724,229812.4,2020,10,16246.322528,13969.61982,15351.83331866667
23.0,12,0,2020-11-30,1,252,16788.35454,0.0724,231883.35,2020,11,16638.41776,14386.588072,15752.127730000002
23.0,12,0,2020-12-31,1,138,17903.696088,0.0724,247288.62,2020,12,16788.35454,14418.638104000001,16332.970727333333
23.0,12,0,2021-01-31,1,76,18199.602852000004,0.0724,251375.73,2021,1,17903.696088,14864.564908000002,16888.810384666667
23.0,12,0,2021-02-28,1,252,18549.472956,0.0724,256208.19,2021,2,18199.602852000004,15556.468540000002,17387.644454
23.0,12,0,2021-03-31,1,138,18901.326096,0.0724,261068.04,2021,3,18549.472956,16246.322528,17830.14504866667
23.0,12,0,2021-04-30,1,12,19480.109796,0.0724,269062.29,2021,4,18901.326096,16638.41776,18303.760388
23.0,12,0,2021-05-31,1,423,20103.078492000004,0.0724,277666.83,2021,5,19480.109796,16788.35454,18856.21438
23.0,12,0,2021-06-30,1,155,20623.437564,0.0724,284854.11,2021,6,20103.078492000004,17903.696088,19309.504626
23.0,12,0,2021-07-31,1,75,21477.95232,0.0724,296656.8,2021,7,20623.437564,18199.602852000004,19855.896204
23.0,12,0,2021-08-31,1,252,21733.016072000002,0.0724,300179.78,2021,8,21477.95232,18549.472956,20386.486723333335
23.0,12,0,2021-09-30,1,15,22239.22384,0.0724,307171.6,2021,9,21733.016072000002,18901.326096,20942.803014
23.0,12,0,2021-10-31,1,423,23304.044668,0.0724,321879.06999999995,2021,10,22239.22384,19480.109796,21580.125492666666
23.0,12,0,2021-11-30,1,154,24261.780828,0.0724,335107.47,2021,11,23304.044668,20103.078492000004,22273.242548666665
23.0,12,0,2021-12-31,1,98,25161.843872000005,0.0724,347539.28,2021,12,24261.780828,20623.437564,23029.6436
23.0,12,0,2022-01-31,1,247,25339.097896000007,0.0724,349987.54000000004,2022,1,25161.843872000005,21477.95232,23673.16786266667
23.0,12,0,2022-02-28,1,424,25349.480056000004,0.0724,350130.94,2022,2,25339.097896000007,21733.016072000002,24275.911860000004
23.0,12,0,2022-03-31,1,154,26099.832208,0.0724,360494.92,2022,3,25349.480056000004,22239.22384,24919.346588000004
23.0,12,0,2022-04-30,1,104,25366.587452,0.0724,350367.23,2022,4,26099.832208,23304.044668,25263.10371866667
23.0,12,0,2022-05-31,1,424,25699.350160000005,0.0724,354963.4,2022,5,25366.587452,24261.780828,25502.698607333336
23.0,12,0,2022-06-30,1,145,37356.828196,0.0724,515978.29,2022,6,25699.350160000005,25161.843872000005,27535.195994666672
23.0,12,0,2022-07-31,1,335,37696.69986000001,0.0724,520672.65,2022,7,37356.828196,25339.097896000007,29594.796322
23.0,12,0,2022-08-31,1,324,38264.140652,0.0724,528510.23,2022,8,37696.69986000001,25349.480056000004,31747.239754666673
23.0,12,0,2022-09-30,1,323,37860.076976000004,0.0724,522929.24,2022,9,38264.140652,26099.832208,33707.280549333336
23.0,12,0,2022-10-31,1,325,40770.10158,0.0724,563122.95,2022,10,37860.076976000004,25366.587452,36274.53290400001
23.0,12,0,2022-11-30,1,311,40229.804996000006,0.0724,555660.29,2022,11,40770.10158,25699.350160000005,38696.27537666667
23.0,12,0,2022-12-31,1,326,38690.881456,0.0724,534404.44,2022,12,40229.804996000006,37356.828196,38918.61758666667
23.0,12,0,2023-01-31,1,396,41566.440764,0.0724,574122.11,2023,1,38690.881456,37696.69986000001,39563.574404000006
23.0,12,0,2023-02-28,1,326,42503.6508,0.0724,587067.0,2023,2,41566.440764,38264.140652,40270.159428666666
23.0,12,0,2023-03-31,1,311,43965.699296000006,0.0724,607261.04,2023,3,42503.6508,37860.076976000004,41287.76314866667
23.0,12,0,2023-04-30,1,311,45409.347332000005,0.0724,627200.93,2023,4,43965.699296000006,40770.10158,42060.970774
23.0,12,0,2023-05-31,1,326,46556.465964,0.0724,643045.11,2023,5,45409.347332000005,40229.804996000006,43115.41426866667
23.0,12,0,2023-06-30,1,311,46654.227684000005,0.0724,644395.41,2023,6,46556.465964,38690.881456,44442.63864
23.0,12,0,2023-07-31,1,311,46611.16126800001,0.0724,643800.5700000001,2023,7,46654.227684000005,41566.440764,45283.42539066667
23.0,12,0,2023-08-31,1,311,47581.727432,0.0724,657206.1799999999,2023,8,46611.16126800001,42503.6508,46129.771496
23.0,12,0,2023-09-30,1,315,49136.266928000005,0.0724,678677.72,2023,9,47581.727432,43965.699296000006,46991.532768000005
23.0,12,0,2023-10-31,1,329,49371.779784000006,0.0724,681930.66,2023,10,49136.266928000005,45409.347332000005,47651.93817666668
23.0,12,0,2023-11-30,1,330,48780.027072000004,0.0724,673757.28,2023,11,49371.779784000006,46556.465964,48022.53169466668
23.0,12,0,2023-12-31,1,321,49152.588059999995,0.0724,678903.1499999999,2023,12,48780.027072000004,46654.227684000005,48438.925090666664
23.0,12,0,2024-01-31,1,316,52344.166128000004,0.0724,722985.72,2024,1,49152.588059999995,46611.16126800001,49394.42590066666
23.0,12,0,2024-02-29,1,328,52702.064668,0.0724,727929.07,2024,2,52344.166128000004,47581.727432,50247.815440000006
23.0,12,0,2024-03-31,1,320,55035.10326400001,0.0724,760153.3600000001,2024,3,52702.064668,49136.266928000005,51230.95482933334
23.0,12,0,2024-04-30,1,317,54623.74311600001,0.0724,754471.5900000001,2024,4,55035.10326400001,49371.779784000006,52106.28205133334
23.0,12,0,2024-05-31,1,319,56450.88164400001,0.0724,779708.31,2024,5,54623.74311600001,48780.027072000004,53384.75781333334
23.0,12,0,2024-06-30,1,326,55712.445084000006,0.0724,769508.91,2024,6,56450.88164400001,49152.588059999995,54478.06731733334
23.0,12,0,2024-07-31,1,311,58187.96760400001,0.0724,803701.2100000001,2024,7,55712.445084000006,52344.166128000004,55452.03423000001
23.0,12,0,2024-08-31,1,327,58541.57354800001,0.0724,808585.27,2024,8,58187.96760400001,52702.064668,56425.285710000004
23.0,12,0,2024-09-30,1,314,59636.838576,0.0724,823713.24,2024,9,58541.57354800001,55035.10326400001,57192.24159533333
24.0,5,0,2020-01-31,1,311,6092.939688,0.0347,175589.04,2020,1,59636.838576,54623.74311600001,49103.774357333336
24.0,5,0,2020-02-29,1,311,6520.4398710000005,0.0347,187908.93,2020,2,6092.939688,56450.88164400001,40782.034061833336
24.0,5,0,2020-03-31,1,311,6694.768507000001,0.0347,192932.81,2020,3,6520.4398710000005,55712.445084000006,32612.421299000005
24.0,5,0,2020-04-30,1,311,6695.384085,0.0347,192950.55,2020,4,6694.768507000001,58187.96760400001,24030.324045833335
24.0,5,0,2020-05-31,1,397,6895.2293660000005,0.0347,198709.78,2020,5,6695.384085,58541.57354800001,15422.6000155
24.0,5,0,2020-06-30,1,341,6910.590362,0.0347,199152.46,2020,6,6895.2293660000005,59636.838576,6634.891979833334
24.0,5,0,2020-07-31,1,341,7124.3149490000005,0.0347,205311.67,2020,7,6910.590362,6092.939688,6806.787856666667
24.0,5,0,2020-08-31,1,334,7455.931745000001,0.0347,214868.35,2020,8,7124.3149490000005,6520.4398710000005,6962.703169
24.0,5,0,2020-09-30,1,341,7786.566184,0.0347,224396.72,2020,9,7455.931745000001,6694.768507000001,7144.669448500001
24.0,5,0,2020-10-31,1,311,7974.49028,0.0347,229812.4,2020,10,7786.566184,6695.384085,7357.853814333334
24.0,5,0,2020-11-30,1,318,8046.352245000001,0.0347,231883.35,2020,11,7974.49028,6895.2293660000005,7549.707627500001
24.0,5,0,2020-12-31,1,322,8580.915114,0.0347,247288.62,2020,12,8046.352245000001,6910.590362,7828.095086166667
24.0,5,0,2021-01-31,1,326,8722.737831,0.0347,251375.73,2021,1,8580.915114,7124.3149490000005,8094.498899833333
24.0,5,0,2021-02-28,1,341,8890.424193,0.0347,256208.19,2021,2,8722.737831,7455.931745000001,8333.5809745
24.0,5,0,2021-03-31,1,341,9059.060988000001,0.0347,261068.04,2021,3,8890.424193,7786.566184,8545.663441833332
24.0,5,0,2021-04-30,1,341,9336.461463,0.0347,269062.29,2021,4,9059.060988000001,7974.49028,8772.658639
24.0,5,0,2021-05-31,1,311,9635.039001000001,0.0347,277666.83,2021,5,9336.461463,8046.352245000001,9037.439765000001
24.0,5,0,2021-06-30,1,310,9884.437617,0.0347,284854.11,2021,6,9635.039001000001,8580.915114,9254.693515500001
24.0,5,0,2021-07-31,1,341,10293.990960000001,0.0347,296656.8,2021,7,9884.437617,8722.737831,9516.569037
24.0,5,0,2021-08-31,1,311,10416.238366000001,0.0347,300179.78,2021,8,10293.990960000001,8890.424193,9770.871399166666
24.0,5,0,2021-09-30,1,396,10658.854519999999,0.0347,307171.6,2021,9,10416.238366000001,9059.060988000001,10037.5036545
24.0,5,0,2021-10-31,1,313,11169.203728999999,0.0347,321879.06999999995,2021,10,10658.854519999999,9336.461463,10342.960698833334
24.0,5,0,2021-11-30,1,341,11628.229209,0.0347,335107.47,2021,11,11169.203728999999,9635.039001000001,10675.159066833332
24.0,5,0,2021-12-31,1,312,12059.613016000001,0.0347,347539.28,2021,12,11628.229209,9884.437617,11037.6883
24.0,5,0,2022-01-31,1,341,12144.567638000002,0.0347,349987.54000000004,2022,1,12059.613016000001,10293.990960000001,11346.117746333335
24.0,5,0,2022-02-28,1,420,12149.543618000002,0.0347,350130.94,2022,2,12144.567638000002,10416.238366000001,11635.001955
24.0,5,0,2022-03-31,1,419,12509.173724,0.0347,360494.92,2022,3,12149.543618000002,10658.854519999999,11943.388488999999
24.0,5,0,2022-04-30,1,422,12157.742881,0.0347,350367.23,2022,4,12509.173724,11169.203728999999,12108.145014333335
24.0,5,0,2022-05-31,1,421,12317.229980000002,0.0347,354963.4,2022,5,12157.742881,11628.229209,12222.978476166667
24.0,5,0,2022-06-30,1,421,17904.446663,0.0347,515978.29,2022,6,12317.229980000002,12059.613016000001,13197.117417333335
24.0,5,0,2022-07-31,1,103,18067.340955000003,0.0347,520672.65,2022,7,17904.446663,12144.567638000002,14184.246303500002
24.0,5,0,2022-08-31,1,252,18339.304981,0.0347,528510.23,2022,8,18067.340955000003,12149.543618000002,15215.873197333334
24.0,5,0,2022-09-30,1,266,18145.644628000002,0.0347,522929.24,2022,9,18339.304981,12509.173724,16155.28501466667
24.0,5,0,2022-10-31,1,392,19540.366364999998,0.0347,563122.95,2022,10,18145.644628000002,12157.742881,17385.722262
24.0,5,0,2022-11-30,1,393,19281.412063000003,0.0347,555660.29,2022,11,19540.366364999998,12317.229980000002,18546.419275833334
24.0,5,0,2022-12-31,1,44,18543.834068,0.0347,534404.44,2022,12,19281.412063000003,17904.446663,18652.983843333335
24.0,5,0,2023-01-31,1,45,19922.037217,0.0347,574122.11,2023,1,18543.834068,18067.340955000003,18962.099887
24.0,5,0,2023-02-28,1,143,20371.2249,0.0347,587067.0,2023,2,19922.037217,18339.304981,19300.753206833335
24.0,5,0,2023-03-31,1,69,21071.958088000003,0.0347,607261.04,2023,3,20371.2249,18145.644628000002,19788.472116833334
24.0,5,0,2023-04-30,1,379,21763.872271000004,0.0347,627200.93,2023,4,21071.958088000003,19540.366364999998,20159.056434500002
24.0,5,0,2023-05-31,1,271,22313.665317,0.0347,643045.11,2023,5,21763.872271000004,19281.412063000003,20664.431976833333
24.0,5,0,2023-06-30,1,415,22360.520727000003,0.0347,644395.41,2023,6,22313.665317,18543.834068,21300.546420000002
24.0,5,0,2023-07-31,1,414,22339.879779000003,0.0347,643800.5700000001,2023,7,22360.520727000003,19922.037217,21703.520180333337
24.0,5,0,2023-08-31,1,70,22805.054446,0.0347,657206.1799999999,2023,8,22339.879779000003,20371.2249,22109.158438000002
24.0,5,0,2023-09-30,1,71,23550.116884,0.0347,678677.72,2023,9,22805.054446,21071.958088000003,22522.184903999998
24.0,5,0,2023-10-31,1,416,23662.993902000002,0.0347,681930.66,2023,10,23550.116884,21763.872271000004,22838.705175833336
24.0,5,0,2023-11-30,1,416,23379.377616,0.0347,673757.28,2023,11,23662.993902000002,22313.665317,23016.323892333337
24.0,5,0,2023-12-31,1,417,23557.939304999996,0.0347,678903.1499999999,2023,12,23379.377616,22360.520727000003,23215.893655333333
24.0,5,0,2024-01-31,1,417,25087.604484,0.0347,722985.72,2024,1,23557.939304999996,22339.879779000003,23673.847772833335
24.0,5,0,2024-02-29,1,418,25259.138729,0.0347,727929.07,2024,2,25087.604484,22805.054446,24082.861820000002
24.0,5,0,2024-03-31,1,418,26377.321592000004,0.0347,760153.3600000001,2024,3,25259.138729,23550.116884,24554.06260466667
24.0,5,0,2024-04-30,1,16,26180.164173000005,0.0347,754471.5900000001,2024,4,26377.321592000004,23662.993902000002,24973.59098316667
24.0,5,0,2024-05-31,1,272,27055.878357000005,0.0347,779708.31,2024,5,26180.164173000005,23379.377616,25586.34110666667
24.0,5,0,2024-06-30,1,361,26701.959177,0.0347,769508.91,2024,6,27055.878357000005,23557.939304999996,26110.34441866667
24.0,5,0,2024-07-31,1,360,27888.431987000004,0.0347,803701.2100000001,2024,7,26701.959177,25087.604484,26577.149002500006
24.0,5,0,2024-08-31,1,337,28057.908869000003,0.0347,808585.27,2024,8,27888.431987000004,25259.138729,27043.610692500006
24.0,5,0,2024-09-30,1,336,28582.849428,0.0347,823713.24,2024,9,28057.908869000003,26377.321592000004,27411.19866516667
25.0,11,0,2020-01-31,1,197,3792.723264,0.0216,175589.04,2020,1,28582.849428,26180.164173000005,23679.958513666672
25.0,11,0,2020-02-29,1,252,4058.832888,0.0216,187908.93,2020,2,3792.723264,27055.878357000005,19847.11760216667
25.0,11,0,2020-03-31,1,236,4167.348696,0.0216,192932.81,2020,3,4058.832888,26701.959177,16091.349188666669
25.0,11,0,2020-04-30,1,386,4167.73188,0.0216,192950.55,2020,4,4167.348696,27888.431987000004,12137.899170833334
25.0,11,0,2020-05-31,1,380,4292.131248000001,0.0216,198709.78,2020,5,4167.73188,28057.908869000003,8176.936234000001
25.0,11,0,2020-06-30,1,271,4301.693136,0.0216,199152.46,2020,6,4292.131248000001,28582.849428,4130.076852
25.0,11,0,2020-07-31,1,267,4434.732072000001,0.0216,205311.67,2020,7,4301.693136,3792.723264,4237.0783200000005
25.0,11,0,2020-08-31,1,229,4641.15636,0.0216,214868.35,2020,8,4434.732072000001,4058.832888,4334.132232
25.0,11,0,2020-09-30,1,230,4846.969152000001,0.0216,224396.72,2020,9,4641.15636,4167.348696,4447.402308
25.0,11,0,2020-10-31,1,194,4963.94784,0.0216,229812.4,2020,10,4846.969152000001,4167.73188,4580.104968000001
25.0,11,0,2020-11-30,1,66,5008.68036,0.0216,231883.35,2020,11,4963.94784,4292.131248000001,4699.52982
25.0,11,0,2020-12-31,1,66,5341.434192000001,0.0216,247288.62,2020,12,5008.68036,4301.693136,4872.819996
25.0,11,0,2021-01-31,1,66,5429.715768000001,0.0216,251375.73,2021,1,5341.434192000001,4434.732072000001,5038.650612
25.0,11,0,2021-02-28,1,79,5534.096904,0.0216,256208.19,2021,2,5429.715768000001,4641.15636,5187.4740360000005
25.0,11,0,2021-03-31,1,79,5639.069664000001,0.0216,261068.04,2021,3,5534.096904,4846.969152000001,5319.490788
25.0,11,0,2021-04-30,1,79,5811.745464,0.0216,269062.29,2021,4,5639.069664000001,4963.94784,5460.790392
25.0,11,0,2021-05-31,1,157,5997.603528000001,0.0216,277666.83,2021,5,5811.745464,5008.68036,5625.61092
25.0,11,0,2021-06-30,1,157,6152.848776,0.0216,284854.11,2021,6,5997.603528000001,5341.434192000001,5760.846684
25.0,11,0,2021-07-31,1,157,6407.78688,0.0216,296656.8,2021,7,6152.848776,5429.715768000001,5923.858536
25.0,11,0,2021-08-31,1,309,6483.883248000001,0.0216,300179.78,2021,8,6407.78688,5534.096904,6082.156260000001
25.0,11,0,2021-09-30,1,160,6634.906559999999,0.0216,307171.6,2021,9,6483.883248000001,5639.069664000001,6248.129076
25.0,11,0,2021-10-31,1,260,6952.587911999999,0.0216,321879.06999999995,2021,10,6634.906559999999,5811.745464,6438.269484
25.0,11,0,2021-11-30,1,102,7238.321352,0.0216,335107.47,2021,11,6952.587911999999,5997.603528000001,6645.055788000001
25.0,11,0,2021-12-31,1,87,7506.848448000001,0.0216,347539.28,2021,12,7238.321352,6152.848776,6870.7224
25.0,11,0,2022-01-31,1,207,7559.730864000001,0.0216,349987.54000000004,2022,1,7506.848448000001,6407.78688,7062.7130640000005
25.0,11,0,2022-02-28,1,175,7562.828304000001,0.0216,350130.94,2022,2,7559.730864000001,6483.883248000001,7242.537240000001
25.0,11,0,2022-03-31,1,222,7786.690272,0.0216,360494.92,2022,3,7562.828304000001,6634.906559999999,7434.501192000001
25.0,11,0,2022-04-30,1,102,7567.932168,0.0216,350367.23,2022,4,7786.690272,6952.587911999999,7537.058568
25.0,11,0,2022-05-31,1,221,7667.2094400000005,0.0216,354963.4,2022,5,7567.932168,7238.321352,7608.539916000001
25.0,11,0,2022-06-30,1,303,11145.131064,0.0216,515978.29,2022,6,7667.2094400000005,7506.848448000001,8214.920352000001
25.0,11,0,2022-07-31,1,160,11246.529240000002,0.0216,520672.65,2022,7,11145.131064,7559.730864000001,8829.386747999999
25.0,11,0,2022-08-31,1,218,11415.820968,0.0216,528510.23,2022,8,11246.529240000002,7562.828304000001,9471.552192000001
25.0,11,0,2022-09-30,1,252,11295.271584,0.0216,522929.24,2022,9,11415.820968,7786.690272,10056.315744
25.0,11,0,2022-10-31,1,85,12163.45572,0.0216,563122.95,2022,10,11295.271584,7567.932168,10822.236336
25.0,11,0,2022-11-30,1,190,12002.262264,0.0216,555660.29,2022,11,12163.45572,7667.2094400000005,11544.745139999999
25.0,11,0,2022-12-31,1,66,11543.135903999999,0.0216,534404.44,2022,12,12002.262264,11145.131064,11611.07928
25.0,11,0,2023-01-31,1,79,12401.037576,0.0216,574122.11,2023,1,11543.135903999999,11246.529240000002,11803.497336
25.0,11,0,2023-02-28,1,406,12680.647200000001,0.0216,587067.0,2023,2,12401.037576,11415.820968,12014.301708
25.0,11,0,2023-03-31,1,411,13116.838464000002,0.0216,607261.04,2023,3,12680.647200000001,11295.271584,12317.896188
25.0,11,0,2023-04-30,1,170,13547.540088000002,0.0216,627200.93,2023,4,13116.838464000002,12163.45572,12548.576916
25.0,11,0,2023-05-31,1,178,13889.774376000001,0.0216,643045.11,2023,5,13547.540088000002,12002.262264,12863.162268
25.0,11,0,2023-06-30,1,128,13918.940856000001,0.0216,644395.41,2023,6,13889.774376000001,11543.135903999999,13259.129760000002
25.0,11,0,2023-07-31,1,304,13906.092312000002,0.0216,643800.5700000001,2023,7,13918.940856000001,12401.037576,13509.972216000002
25.0,11,0,2023-08-31,1,183,14195.653488,0.0216,657206.1799999999,2023,8,13906.092312000002,12680.647200000001,13762.473264
25.0,11,0,2023-09-30,1,258,14659.438752,0.0216,678677.72,2023,9,14195.653488,13116.838464000002,14019.573312
25.0,11,0,2023-10-31,1,88,14729.702256000002,0.0216,681930.66,2023,10,14659.438752,13547.540088000002,14216.600340000003
25.0,11,0,2023-11-30,1,187,14553.157248000001,0.0216,673757.28,2023,11,14729.702256000002,13889.774376000001,14327.164152000003
25.0,11,0,2023-12-31,1,204,14664.308039999998,0.0216,678903.1499999999,2023,12,14553.157248000001,13918.940856000001,14451.392016
25.0,11,0,2024-01-31,1,217,15616.491552,0.0216,722985.72,2024,1,14664.308039999998,13906.092312000002,14736.458556
25.0,11,0,2024-02-29,1,221,15723.267912,0.0216,727929.07,2024,2,15616.491552,14195.653488,14991.06096
25.0,11,0,2024-03-31,1,105,16419.312576000004,0.0216,760153.3600000001,2024,3,15723.267912,14659.438752,15284.373264
25.0,11,0,2024-04-30,1,307,16296.586344000003,0.0216,754471.5900000001,2024,4,16419.312576000004,14729.702256000002,15545.520612
25.0,11,0,2024-05-31,1,146,16841.699496,0.0216,779708.31,2024,5,16296.586344000003,14553.157248000001,15926.94432
25.0,11,0,2024-06-30,1,210,16621.392456,0.0216,769508.91,2024,6,16841.699496,14664.308039999998,16253.125056000003
25.0,11,0,2024-07-31,1,355,17359.946136000002,0.0216,803701.2100000001,2024,7,16621.392456,15616.491552,16543.700820000002
25.0,11,0,2024-08-31,1,248,17465.441832,0.0216,808585.27,2024,8,17359.946136000002,15723.267912,16834.063140000002
25.0,11,0,2024-09-30,1,85,17792.205984,0.0216,823713.24,2024,9,17465.441832,16419.312576000004,17062.878708000004
26.0,22,0,2020-01-31,1,186,3301.073952,0.0188,175589.04,2020,1,17792.205984,16296.586344000003,14896.959976
26.0,22,0,2020-02-29,1,218,3532.687884,0.0188,187908.93,2020,2,3301.073952,16841.699496,12678.791374
26.0,22,0,2020-03-31,1,223,3627.136828,0.0188,192932.81,2020,3,3532.687884,16621.392456,10513.082102666667
26.0,22,0,2020-04-30,1,255,3627.47034,0.0188,192950.55,2020,4,3627.136828,17359.946136000002,8224.336136666667
26.0,22,0,2020-05-31,1,85,3735.743864,0.0188,198709.78,2020,5,3627.47034,17465.441832,5936.053142
26.0,22,0,2020-06-30,1,218,3744.066248,0.0188,199152.46,2020,6,3735.743864,17792.205984,3594.696519333333
26.0,22,0,2020-07-31,1,259,3859.8593960000003,0.0188,205311.67,2020,7,3744.066248,3301.073952,3687.8274266666667
26.0,22,0,2020-08-31,1,107,4039.52498,0.0188,214868.35,2020,8,3859.8593960000003,3532.687884,3772.300276
26.0,22,0,2020-09-30,1,308,4218.658336,0.0188,224396.72,2020,9,4039.52498,3627.136828,3870.8871940000004
26.0,22,0,2020-10-31,1,149,4320.47312,0.0188,229812.4,2020,10,4218.658336,3627.47034,3986.387657333333
26.0,22,0,2020-11-30,1,213,4359.406980000001,0.0188,231883.35,2020,11,4320.47312,3735.743864,4090.33151
26.0,22,0,2020-12-31,1,201,4649.026056,0.0188,247288.62,2020,12,4359.406980000001,3744.066248,4241.158144666667
26.0,22,0,2021-01-31,1,254,4725.863724000001,0.0188,251375.73,2021,1,4649.026056,3859.8593960000003,4385.492199333334
26.0,22,0,2021-02-28,1,86,4816.7139720000005,0.0188,256208.19,2021,2,4725.863724000001,4039.52498,4515.023698
26.0,22,0,2021-03-31,1,219,4908.079152,0.0188,261068.04,2021,3,4816.7139720000005,4218.658336,4629.927167333334
26.0,22,0,2021-04-30,1,188,5058.3710519999995,0.0188,269062.29,2021,4,4908.079152,4320.47312,4752.910156000001
26.0,22,0,2021-05-31,1,252,5220.136404000001,0.0188,277666.83,2021,5,5058.3710519999995,4359.406980000001,4896.365060000001
26.0,22,0,2021-06-30,1,85,5355.257268,0.0188,284854.11,2021,6,5220.136404000001,4649.026056,5014.070262
26.0,22,0,2021-07-31,1,218,5577.14784,0.0188,296656.8,2021,7,5355.257268,4725.863724000001,5155.950948000001
26.0,22,0,2021-08-31,1,173,5643.379864,0.0188,300179.78,2021,8,5577.14784,4816.7139720000005,5293.728596666667
26.0,22,0,2021-09-30,1,240,5774.82608,0.0188,307171.6,2021,9,5643.379864,4908.079152,5438.186418
26.0,22,0,2021-10-31,1,241,6051.326515999999,0.0188,321879.06999999995,2021,10,5774.82608,5058.3710519999995,5603.678995333333
26.0,22,0,2021-11-30,1,252,6300.020436,0.0188,335107.47,2021,11,6051.326515999999,5220.136404000001,5783.659667333333
26.0,22,0,2021-12-31,1,85,6533.738464000001,0.0188,347539.28,2021,12,6300.020436,5355.257268,5980.0732
26.0,22,0,2022-01-31,1,218,6579.765752000001,0.0188,349987.54000000004,2022,1,6533.738464000001,5577.14784,6147.176185333334
26.0,22,0,2022-02-28,1,172,6582.461672,0.0188,350130.94,2022,2,6579.765752000001,5643.379864,6303.68982
26.0,22,0,2022-03-31,1,256,6777.304496,0.0188,360494.92,2022,3,6582.461672,5774.82608,6470.769556
26.0,22,0,2022-04-30,1,85,6586.903924,0.0188,350367.23,2022,4,6777.304496,6051.326515999999,6560.032457333334
26.0,22,0,2022-05-31,1,218,6673.311920000001,0.0188,354963.4,2022,5,6586.903924,6300.020436,6622.247704666667
26.0,22,0,2022-06-30,1,189,9700.391852,0.0188,515978.29,2022,6,6673.311920000001,6533.738464000001,7150.023269333334
26.0,22,0,2022-07-31,1,106,9788.645820000002,0.0188,520672.65,2022,7,9700.391852,6579.765752000001,7684.836614
26.0,22,0,2022-08-31,1,303,9935.992324,0.0188,528510.23,2022,8,9788.645820000002,6582.461672,8243.758389333334
26.0,22,0,2022-09-30,1,207,9831.069712,0.0188,522929.24,2022,9,9935.992324,6777.304496,8752.719258666666
26.0,22,0,2022-10-31,1,180,10586.71146,0.0188,563122.95,2022,10,9831.069712,6586.903924,9419.353848
26.0,22,0,2022-11-30,1,109,10446.413452,0.0188,555660.29,2022,11,10586.71146,6673.311920000001,10048.204103333335
26.0,22,0,2022-12-31,1,306,10046.803472,0.0188,534404.44,2022,12,10446.413452,9700.391852,10105.939373333335
26.0,22,0,2023-01-31,1,181,10793.495668,0.0188,574122.11,2023,1,10046.803472,9788.645820000002,10273.414348
26.0,22,0,2023-02-28,1,214,11036.8596,0.0188,587067.0,2023,2,10793.495668,9935.992324,10456.892227333332
26.0,22,0,2023-03-31,1,113,11416.507552000001,0.0188,607261.04,2023,3,11036.8596,9831.069712,10721.131867333334
26.0,22,0,2023-04-30,1,303,11791.377484,0.0188,627200.93,2023,4,11416.507552000001,10586.71146,10921.909538000002
26.0,22,0,2023-05-31,1,143,12089.248068,0.0188,643045.11,2023,5,11791.377484,10446.413452,11195.715307333334
26.0,22,0,2023-06-30,1,216,12114.633708000001,0.0188,644395.41,2023,6,12089.248068,10046.803472,11540.35368
26.0,22,0,2023-07-31,1,90,12103.450716000001,0.0188,643800.5700000001,2023,7,12114.633708000001,10793.495668,11758.679521333333
26.0,22,0,2023-08-31,1,249,12355.476184,0.0188,657206.1799999999,2023,8,12103.450716000001,11036.8596,11978.448952
26.0,22,0,2023-09-30,1,160,12759.141136,0.0188,678677.72,2023,9,12355.476184,11416.507552000001,12202.221216
26.0,22,0,2023-10-31,1,224,12820.296408000002,0.0188,681930.66,2023,10,12759.141136,11791.377484,12373.707703333333
26.0,22,0,2023-11-30,1,174,12666.636864000002,0.0188,673757.28,2023,11,12820.296408000002,12089.248068,12469.939169333333
26.0,22,0,2023-12-31,1,127,12763.379219999999,0.0188,678903.1499999999,2023,12,12666.636864000002,12114.633708000001,12578.063421333334
26.0,22,0,2024-01-31,1,170,13592.131536,0.0188,722985.72,2024,1,12763.379219999999,12103.450716000001,12826.176891333334
26.0,22,0,2024-02-29,1,202,13685.066515999999,0.0188,727929.07,2024,2,13592.131536,12355.476184,13047.775280000002
26.0,22,0,2024-03-31,1,265,14290.883168000002,0.0188,760153.3600000001,2024,3,13685.066515999999,12759.141136,13303.065618666667
26.0,22,0,2024-04-30,1,218,14184.065892000002,0.0188,754471.5900000001,2024,4,14290.883168000002,12820.296408000002,13530.360532666666
26.0,22,0,2024-05-31,1,252,14658.516228000002,0.0188,779708.31,2024,5,14184.065892000002,12666.636864000002,13862.340426666668
26.0,22,0,2024-06-30,1,85,14466.767508,0.0188,769508.91,2024,6,14658.516228000002,12763.379219999999,14146.238474666667
26.0,22,0,2024-07-31,1,190,15109.582748000003,0.0188,803701.2100000001,2024,7,14466.767508,13592.131536,14399.147010000002
26.0,22,0,2024-08-31,1,218,15201.403076,0.0188,808585.27,2024,8,15109.582748000003,13685.066515999999,14651.869770000003
26.0,22,0,2024-09-30,1,208,15485.808912,0.0188,823713.24,2024,9,15201.403076,14290.883168000002,14851.024060666668
27.0,26,0,2020-01-31,1,252,9516.925968,0.0542,175589.04,2020,1,15485.808912,14184.065892000002,14073.16740666667
27.0,26,0,2020-02-29,1,100,10184.664005999999,0.0542,187908.93,2020,2,9516.925968,14658.516228000002,13327.525369666668
27.0,26,0,2020-03-31,1,85,10456.958302,0.0542,192932.81,2020,3,10184.664005999999,14466.767508,12659.223835333332
27.0,26,0,2020-04-30,1,305,10457.91981,0.0542,192950.55,2020,4,10456.958302,15109.582748000003,11883.946679
27.0,26,0,2020-05-31,1,190,10770.070076,0.0542,198709.78,2020,5,10457.91981,15201.403076,11145.391178999998
27.0,26,0,2020-06-30,1,169,10794.063332,0.0542,199152.46,2020,6,10770.070076,15485.808912,10363.433582333333
27.0,26,0,2020-07-31,1,252,11127.892514000001,0.0542,205311.67,2020,7,10794.063332,9516.925968,10631.928006666667
27.0,26,0,2020-08-31,1,85,11645.86457,0.0542,214868.35,2020,8,11127.892514000001,10184.664005999999,10875.461433999999
27.0,26,0,2020-09-30,1,218,12162.302224,0.0542,224396.72,2020,9,11645.86457,10456.958302,11159.685421
27.0,26,0,2020-10-31,1,185,12455.83208,0.0542,229812.4,2020,10,12162.302224,10457.91981,11492.670799333333
27.0,26,0,2020-11-30,1,115,12568.07757,0.0542,231883.35,2020,11,12455.83208,10770.070076,11792.338715
27.0,26,0,2020-12-31,1,207,13403.043204,0.0542,247288.62,2020,12,12568.07757,10794.063332,12227.168693666667
27.0,26,0,2021-01-31,1,303,13624.564566000001,0.0542,251375.73,2021,1,13403.043204,11127.892514000001,12643.280702333332
27.0,26,0,2021-02-28,1,182,13886.483898,0.0542,256208.19,2021,2,13624.564566000001,11645.86457,13016.717257000002
27.0,26,0,2021-03-31,1,207,14149.887768,0.0542,261068.04,2021,3,13886.483898,12162.302224,13347.981514333334
27.0,26,0,2021-04-30,1,302,14583.176117999998,0.0542,269062.29,2021,4,14149.887768,12455.83208,13702.538853999999
27.0,26,0,2021-05-31,1,285,15049.542186,0.0542,277666.83,2021,5,14583.176117999998,12568.07757,14116.11629
27.0,26,0,2021-06-30,1,285,15439.092761999998,0.0542,284854.11,2021,6,15049.542186,13403.043204,14455.457883000001
27.0,26,0,2021-07-31,1,302,16078.79856,0.0542,296656.8,2021,7,15439.092761999998,13624.564566000001,14864.496882
27.0,26,0,2021-08-31,1,385,16269.744076,0.0542,300179.78,2021,8,16078.79856,13886.483898,15261.706911666668
27.0,26,0,2021-09-30,1,270,16648.700719999997,0.0542,307171.6,2021,9,16269.744076,14149.887768,15678.175736999998
27.0,26,0,2021-10-31,1,277,17445.845593999995,0.0542,321879.06999999995,2021,10,16648.700719999997,14583.176117999998,16155.287316333333
27.0,26,0,2021-11-30,1,274,18162.824873999998,0.0542,335107.47,2021,11,17445.845593999995,15049.542186,16674.16776433333
27.0,26,0,2021-12-31,1,269,18836.628976,0.0542,347539.28,2021,12,18162.824873999998,15439.092761999998,17240.423799999997
27.0,26,0,2022-01-31,1,269,18969.324668,0.0542,349987.54000000004,2022,1,18836.628976,16078.79856,17722.17815133333
27.0,26,0,2022-02-28,1,274,18977.096948,0.0542,350130.94,2022,2,18969.324668,16269.744076,18173.403629999997
27.0,26,0,2022-03-31,1,273,19538.824664,0.0542,360494.92,2022,3,18977.096948,16648.700719999997,18655.090954
27.0,26,0,2022-04-30,1,269,18989.903865999997,0.0542,350367.23,2022,4,19538.824664,17445.845593999995,18912.43399933333
27.0,26,0,2022-05-31,1,67,19239.01628,0.0542,354963.4,2022,5,18989.903865999997,18162.824873999998,19091.799233666665
27.0,26,0,2022-06-30,1,80,27966.023318,0.0542,515978.29,2022,6,19239.01628,18836.628976,20613.364957333335
27.0,26,0,2022-07-31,1,82,28220.45763,0.0542,520672.65,2022,7,27966.023318,18969.324668,22155.220451
27.0,26,0,2022-08-31,1,268,28645.254466,0.0542,528510.23,2022,8,28220.45763,18977.096948,23766.580037333333
27.0,26,0,2022-09-30,1,367,28342.764808,0.0542,522929.24,2022,9,28645.254466,19538.824664,25233.903394666664
27.0,26,0,2022-10-31,1,367,30521.263889999995,0.0542,563122.95,2022,10,28342.764808,18989.903865999997,27155.796732
27.0,26,0,2022-11-30,1,74,30116.787718,0.0542,555660.29,2022,11,30521.263889999995,19239.01628,28968.758638333336
27.0,26,0,2022-12-31,1,367,28964.720647999995,0.0542,534404.44,2022,12,30116.787718,27966.023318,29135.208193333336
27.0,26,0,2023-01-31,1,252,31117.418361999997,0.0542,574122.11,2023,1,28964.720647999995,28220.45763,29618.034981999997
27.0,26,0,2023-02-28,1,252,31819.0314,0.0542,587067.0,2023,2,31117.418361999997,28645.254466,30146.99780433333
27.0,26,0,2023-03-31,1,252,32913.548368,0.0542,607261.04,2023,3,31819.0314,28342.764808,30908.79506433333
27.0,26,0,2023-04-30,1,64,33994.290406,0.0542,627200.93,2023,4,32913.548368,30521.263889999995,31487.632816999994
27.0,26,0,2023-05-31,1,64,34853.044962,0.0542,643045.11,2023,5,33994.290406,30116.787718,32277.00902433333
27.0,26,0,2023-06-30,1,81,34926.231222,0.0542,644395.41,2023,6,34853.044962,28964.720647999995,33270.59412
27.0,26,0,2023-07-31,1,83,34893.990894,0.0542,643800.5700000001,2023,7,34926.231222,31117.418361999997,33900.02287533333
27.0,26,0,2023-08-31,1,291,35620.574956,0.0542,657206.1799999999,2023,8,34893.990894,31819.0314,34533.613468
27.0,26,0,2023-09-30,1,358,36784.332424,0.0542,678677.72,2023,9,35620.574956,32913.548368,35178.744144000004
27.0,26,0,2023-10-31,1,300,36960.641772,0.0542,681930.66,2023,10,36784.332424,33994.290406,35673.13603833333
27.0,26,0,2023-11-30,1,293,36517.644576,0.0542,673757.28,2023,11,36960.641772,34853.044962,35950.56930733333
27.0,26,0,2023-12-31,1,398,36796.550729999995,0.0542,678903.1499999999,2023,12,36517.644576,34926.231222,36262.289225333334
27.0,26,0,2024-01-31,1,293,39185.826023999995,0.0542,722985.72,2024,1,36796.550729999995,34893.990894,36977.59508033333
27.0,26,0,2024-02-29,1,398,39453.755593999995,0.0542,727929.07,2024,2,39185.826023999995,35620.574956,37616.45851999999
27.0,26,0,2024-03-31,1,293,41200.31211200001,0.0542,760153.3600000001,2024,3,39453.755593999995,36784.332424,38352.45513466666
27.0,26,0,2024-04-30,1,398,40892.360178,0.0542,754471.5900000001,2024,4,41200.31211200001,36960.641772,39007.74153566667
27.0,26,0,2024-05-31,1,293,42260.190402,0.0542,779708.31,2024,5,40892.360178,36517.644576,39964.832506666666
27.0,26,0,2024-06-30,1,398,41707.382922,0.0542,769508.91,2024,6,42260.190402,36796.550729999995,40783.30453866667
27.0,26,0,2024-07-31,1,240,43560.605582000004,0.0542,803701.2100000001,2024,7,41707.382922,39185.826023999995,41512.434465
27.0,26,0,2024-08-31,1,241,43825.321634,0.0542,808585.27,2024,8,43560.605582000004,39453.755593999995,42241.028805
27.0,26,0,2024-09-30,1,296,44645.257608,0.0542,823713.24,2024,9,43825.321634,41200.31211200001,42815.18638766667
28.0,2,0,2020-01-31,1,401,3441.545184,0.0196,175589.04,2020,1,44645.257608,40892.360178,36573.38388866666
28.0,2,0,2020-02-29,1,295,3683.015028,0.0196,187908.93,2020,2,3441.545184,42260.190402,30143.85465966667
28.0,2,0,2020-03-31,1,400,3781.483076,0.0196,192932.81,2020,3,3683.015028,41707.382922,23822.871352
28.0,2,0,2020-04-30,1,294,3781.83078,0.0196,192950.55,2020,4,3781.483076,43560.605582000004,17193.07555166667
28.0,2,0,2020-05-31,1,399,3894.711688,0.0196,198709.78,2020,5,3781.83078,43825.321634,10537.973894
28.0,2,0,2020-06-30,1,297,3903.388216,0.0196,199152.46,2020,6,3894.711688,44645.257608,3747.662328666667
28.0,2,0,2020-07-31,1,402,4024.108732,0.0196,205311.67,2020,7,3903.388216,3441.545184,3844.7562533333335
28.0,2,0,2020-08-31,1,299,4211.41966,0.0196,214868.35,2020,8,4024.108732,3683.015028,3932.823692
28.0,2,0,2020-09-30,1,404,4398.175712,0.0196,224396.72,2020,9,4211.41966,3781.483076,4035.605798
28.0,2,0,2020-10-31,1,301,4504.323039999999,0.0196,229812.4,2020,10,4398.175712,3781.83078,4156.021174666666
28.0,2,0,2020-11-30,1,298,4544.91366,0.0196,231883.35,2020,11,4504.323039999999,3894.711688,4264.388169999999
28.0,2,0,2020-12-31,1,403,4846.856952,0.0196,247288.62,2020,12,4544.91366,3903.388216,4421.632959333333
28.0,2,0,2021-01-31,1,288,4926.964308,0.0196,251375.73,2021,1,4846.856952,4024.108732,4572.108888666667
28.0,2,0,2021-02-28,1,292,5021.680524,0.0196,256208.19,2021,2,4926.964308,4211.41966,4707.152365999999
28.0,2,0,2021-03-31,1,252,5116.933584,0.0196,261068.04,2021,3,5021.680524,4398.175712,4826.945344666667
28.0,2,0,2021-04-30,1,252,5273.620883999999,0.0196,269062.29,2021,4,5116.933584,4504.323039999999,4955.161652
28.0,2,0,2021-05-31,1,252,5442.269868,0.0196,277666.83,2021,5,5273.620883999999,4544.91366,5104.72102
28.0,2,0,2021-06-30,1,398,5583.140555999999,0.0196,284854.11,2021,6,5442.269868,4846.856952,5227.434953999999
28.0,2,0,2021-07-31,1,357,5814.473279999999,0.0196,296656.8,2021,7,5583.140555999999,4926.964308,5375.353115999999
28.0,2,0,2021-08-31,1,398,5883.523688,0.0196,300179.78,2021,8,5814.473279999999,5021.680524,5518.993643333332
28.0,2,0,2021-09-30,1,398,6020.563359999999,0.0196,307171.6,2021,9,5883.523688,5116.933584,5669.598606
28.0,2,0,2021-10-31,1,357,6308.829771999999,0.0196,321879.06999999995,2021,10,6020.563359999999,5273.620883999999,5842.133420666666
28.0,2,0,2021-11-30,1,357,6568.106411999999,0.0196,335107.47,2021,11,6308.829771999999,5442.269868,6029.772844666666
28.0,2,0,2021-12-31,1,398,6811.769888000001,0.0196,347539.28,2021,12,6568.106411999999,5583.140555999999,6234.5444
28.0,2,0,2022-01-31,1,240,6859.755784000001,0.0196,349987.54000000004,2022,1,6811.769888000001,5814.473279999999,6408.7581506666675
28.0,2,0,2022-02-28,1,240,6862.566424,0.0196,350130.94,2022,2,6859.755784000001,5883.523688,6571.9319399999995
28.0,2,0,2022-03-31,1,252,7065.700432,0.0196,360494.92,2022,3,6862.566424,6020.563359999999,6746.121451999999
28.0,2,0,2022-04-30,1,252,6867.197708,0.0196,350367.23,2022,4,7065.700432,6308.829771999999,6839.182774666667
28.0,2,0,2022-05-31,1,252,6957.28264,0.0196,354963.4,2022,5,6867.197708,6568.106411999999,6904.045479333334
28.0,2,0,2022-06-30,1,252,10113.174484,0.0196,515978.29,2022,6,6957.28264,6811.769888000001,7454.279578666666
28.0,2,0,2022-07-31,1,252,10205.18394,0.0196,520672.65,2022,7,10113.174484,6859.755784000001,8011.850938
28.0,2,0,2022-08-31,1,171,10358.800507999998,0.0196,528510.23,2022,8,10205.18394,6862.566424,8594.556618666667
28.0,2,0,2022-09-30,1,252,10249.413104,0.0196,522929.24,2022,9,10358.800507999998,7065.700432,9125.175397333333
28.0,2,0,2022-10-31,1,253,11037.209819999998,0.0196,563122.95,2022,10,10249.413104,6867.197708,9820.177416
28.0,2,0,2022-11-30,1,398,10890.941684000001,0.0196,555660.29,2022,11,11037.209819999998,6957.28264,10475.787256666665
28.0,2,0,2022-12-31,1,398,10474.327023999998,0.0196,534404.44,2022,12,10890.941684000001,10113.174484,10535.979346666665
28.0,2,0,2023-01-31,1,398,11252.793356,0.0196,574122.11,2023,1,10474.327023999998,10205.18394,10710.580915999999
28.0,2,0,2023-02-28,1,398,11506.5132,0.0196,587067.0,2023,2,11252.793356,10358.800507999998,10901.866364666666
28.0,2,0,2023-03-31,1,398,11902.316384,0.0196,607261.04,2023,3,11506.5132,10249.413104,11177.350244666668
28.0,2,0,2023-04-30,1,398,12293.138228,0.0196,627200.93,2023,4,11902.316384,11037.209819999998,11386.671646
28.0,2,0,2023-05-31,1,398,12603.684156,0.0196,643045.11,2023,5,12293.138228,10890.941684000001,11672.128724666667
28.0,2,0,2023-06-30,1,171,12630.150036000001,0.0196,644395.41,2023,6,12603.684156,10474.327023999998,12031.432560000001
28.0,2,0,2023-07-31,1,171,12618.491172,0.0196,643800.5700000001,2023,7,12630.150036000001,11252.793356,12259.048862666668
28.0,2,0,2023-08-31,1,290,12881.241127999998,0.0196,657206.1799999999,2023,8,12618.491172,11506.5132,12488.170184
28.0,2,0,2023-09-30,1,289,13302.083311999999,0.0196,678677.72,2023,9,12881.241127999998,11902.316384,12721.464672
28.0,2,0,2023-10-31,1,289,13365.840936,0.0196,681930.66,2023,10,13302.083311999999,12293.138228,12900.248456666668
28.0,2,0,2023-11-30,1,244,13205.642688,0.0196,673757.28,2023,11,13365.840936,12603.684156,13000.574878666666
28.0,2,0,2023-12-31,1,252,13306.501739999998,0.0196,678903.1499999999,2023,12,13205.642688,12630.150036000001,13113.300162666666
28.0,2,0,2024-01-31,1,252,14170.520111999998,0.0196,722985.72,2024,1,13306.501739999998,12618.491172,13371.971652666665
28.0,2,0,2024-02-29,1,356,14267.409771999999,0.0196,727929.07,2024,2,14170.520111999998,12881.241127999998,13602.999759999999
28.0,2,0,2024-03-31,1,398,14899.005856000002,0.0196,760153.3600000001,2024,3,14267.409771999999,13302.083311999999,13869.153517333334
28.0,2,0,2024-04-30,1,398,14787.643164000001,0.0196,754471.5900000001,2024,4,14899.005856000002,13365.840936,14106.120555333333
28.0,2,0,2024-05-31,1,252,15282.282876000001,0.0196,779708.31,2024,5,14787.643164000001,13205.642688,14452.227253333336
28.0,2,0,2024-06-30,1,64,15082.374636,0.0196,769508.91,2024,6,15282.282876000001,13306.501739999998,14748.206069333333
28.0,2,0,2024-07-31,1,67,15752.543716000002,0.0196,803701.2100000001,2024,7,15082.374636,14170.520111999998,15011.87667
28.0,2,0,2024-08-31,1,67,15848.271292,0.0196,808585.27,2024,8,15752.543716000002,14267.409771999999,15275.35359
28.0,2,0,2024-09-30,1,67,16144.779504,0.0196,823713.24,2024,9,15848.271292,14899.005856000002,15482.982531333333
29.0,32,0,2020-01-31,1,398,11149.904040000001,0.0635,175589.04,2020,1,16144.779504,14787.643164000001,14876.692677333334
29.0,32,0,2020-02-29,1,409,11932.217055,0.0635,187908.93,2020,2,11149.904040000001,15282.282876000001,14318.348373833333
29.0,32,0,2020-03-31,1,68,12251.233435,0.0635,192932.81,2020,3,11932.217055,15082.374636,13846.491507
29.0,32,0,2020-04-30,1,409,12252.359924999999,0.0635,192950.55,2020,4,12251.233435,15752.543716000002,13263.127541833333
29.0,32,0,2020-05-31,1,409,12618.071030000001,0.0635,198709.78,2020,5,12252.359924999999,15848.271292,12724.760831499998
29.0,32,0,2020-06-30,1,68,12646.181209999999,0.0635,199152.46,2020,6,12618.071030000001,16144.779504,12141.661115833333
29.0,32,0,2020-07-31,1,252,13037.291045000002,0.0635,205311.67,2020,7,12646.181209999999,11149.904040000001,12456.225616666665
29.0,32,0,2020-08-31,1,68,13644.140225000001,0.0635,214868.35,2020,8,13037.291045000002,11932.217055,12741.546145
29.0,32,0,2020-09-30,1,68,14249.19172,0.0635,224396.72,2020,9,13644.140225000001,12251.233435,13074.5391925
29.0,32,0,2020-10-31,1,398,14593.0874,0.0635,229812.4,2020,10,14249.19172,12252.359924999999,13464.660438333334
29.0,32,0,2020-11-30,1,203,14724.592725,0.0635,231883.35,2020,11,14593.0874,12618.071030000001,13815.7473875
29.0,32,0,2020-12-31,1,252,15702.827369999999,0.0635,247288.62,2020,12,14724.592725,12646.181209999999,14325.188414166667
29.0,32,0,2021-01-31,1,203,15962.358855,0.0635,251375.73,2021,1,15702.827369999999,13037.291045000002,14812.699715833332
29.0,32,0,2021-02-28,1,398,16269.220065,0.0635,256208.19,2021,2,15962.358855,13644.140225000001,15250.2130225
29.0,32,0,2021-03-31,1,207,16577.82054,0.0635,261068.04,2021,3,16269.220065,14249.19172,15638.317825833334
29.0,32,0,2021-04-30,1,398,17085.455415,0.0635,269062.29,2021,4,16577.82054,14593.0874,16053.712495
29.0,32,0,2021-05-31,1,218,17631.843705000003,0.0635,277666.83,2021,5,17085.455415,14724.592725,16538.254325
29.0,32,0,2021-06-30,1,53,18088.235985,0.0635,284854.11,2021,6,17631.843705000003,15702.827369999999,16935.8224275
29.0,32,0,2021-07-31,1,53,18837.7068,0.0635,296656.8,2021,7,18088.235985,15962.358855,17415.047085000002
29.0,32,0,2021-08-31,1,252,19061.41603,0.0635,300179.78,2021,8,18837.7068,16269.220065,17880.41307916667
29.0,32,0,2021-09-30,1,252,19505.3966,0.0635,307171.6,2021,9,19061.41603,16577.82054,18368.3424225
29.0,32,0,2021-10-31,1,398,20439.320944999996,0.0635,321879.06999999995,2021,10,19505.3966,17085.455415,18927.320010833333
29.0,32,0,2021-11-30,1,207,21279.324344999997,0.0635,335107.47,2021,11,20439.320944999996,17631.843705000003,19535.233450833333
29.0,32,0,2021-12-31,1,207,22068.744280000003,0.0635,347539.28,2021,12,21279.324344999997,18088.235985,20198.6515
29.0,32,0,2022-01-31,1,398,22224.208790000004,0.0635,349987.54000000004,2022,1,22068.744280000003,18837.7068,20763.068498333334
29.0,32,0,2022-02-28,1,218,22233.31469,0.0635,350130.94,2022,2,22224.208790000004,19061.41603,21291.718275
29.0,32,0,2022-03-31,1,218,22891.42742,0.0635,360494.92,2022,3,22233.31469,19505.3966,21856.056744999998
29.0,32,0,2022-04-30,1,240,22248.319105,0.0635,350367.23,2022,4,22891.42742,20439.320944999996,22157.556438333337
29.0,32,0,2022-05-31,1,240,22540.175900000002,0.0635,354963.4,2022,5,22248.319105,21279.324344999997,22367.69836416667
29.0,32,0,2022-06-30,1,289,32764.621414999998,0.0635,515978.29,2022,6,22540.175900000002,22068.744280000003,24150.344553333332
29.0,32,0,2022-07-31,1,207,33062.713275,0.0635,520672.65,2022,7,32764.621414999998,22224.208790000004,25956.761967500002
29.0,32,0,2022-08-31,1,398,33560.399605,0.0635,528510.23,2022,8,33062.713275,22233.31469,27844.609453333334
29.0,32,0,2022-09-30,1,64,33206.00674,0.0635,522929.24,2022,9,33560.399605,22891.42742,29563.706006666664
29.0,32,0,2022-10-31,1,406,35758.307324999994,0.0635,563122.95,2022,10,33206.00674,22248.319105,31815.37071
29.0,32,0,2022-11-30,1,68,35284.428415,0.0635,555660.29,2022,11,35758.307324999994,22540.175900000002,33939.412795833334
29.0,32,0,2022-12-31,1,387,33934.681939999995,0.0635,534404.44,2022,12,35284.428415,32764.621414999998,34134.42288333333
29.0,32,0,2023-01-31,1,276,36456.753985,0.0635,574122.11,2023,1,33934.681939999995,33062.713275,34700.096334999995
29.0,32,0,2023-02-28,1,46,37278.7545,0.0635,587067.0,2023,2,36456.753985,33560.399605,35319.82215083333
29.0,32,0,2023-03-31,1,137,38561.07604,0.0635,607261.04,2023,3,37278.7545,33206.00674,36212.33370083334
29.0,32,0,2023-04-30,1,381,39827.259055,0.0635,627200.93,2023,4,38561.07604,35758.307324999994,36890.4923225
29.0,32,0,2023-05-31,1,218,40833.364485,0.0635,643045.11,2023,5,39827.259055,35284.428415,37815.31500083333
29.0,32,0,2023-06-30,1,143,40919.108535,0.0635,644395.41,2023,6,40833.364485,33934.681939999995,38979.386099999996
29.0,32,0,2023-07-31,1,383,40881.336195,0.0635,643800.5700000001,2023,7,40919.108535,36456.753985,39716.81646833334
29.0,32,0,2023-08-31,1,218,41732.59243,0.0635,657206.1799999999,2023,8,40881.336195,37278.7545,40459.12279
29.0,32,0,2023-09-30,1,143,43096.03522,0.0635,678677.72,2023,9,41732.59243,38561.07604,41214.94932000001
29.0,32,0,2023-10-31,1,384,43302.59691,0.0635,681930.66,2023,10,43096.03522,39827.259055,41794.172295833334
29.0,32,0,2023-11-30,1,218,42783.58728,0.0635,673757.28,2023,11,43302.59691,40833.364485,42119.20942833333
29.0,32,0,2023-12-31,1,143,43110.35002499999,0.0635,678903.1499999999,2023,12,42783.58728,40919.108535,42484.41634333334
29.0,32,0,2024-01-31,1,93,45909.59322,0.0635,722985.72,2024,1,43110.35002499999,40881.336195,43322.45918083333
29.0,32,0,2024-02-29,1,390,46223.495944999995,0.0635,727929.07,2024,2,45909.59322,41732.59243,44070.9431
29.0,32,0,2024-03-31,1,207,48269.73836000001,0.0635,760153.3600000001,2024,3,46223.495944999995,43096.03522,44933.22695666666
29.0,32,0,2024-04-30,1,143,47908.945965000006,0.0635,754471.5900000001,2024,4,48269.73836000001,43302.59691,45700.95179916667
29.0,32,0,2024-05-31,1,382,49511.477685000005,0.0635,779708.31,2024,5,47908.945965000006,42783.58728,46822.26686666667
29.0,32,0,2024-06-30,1,0,48863.815785000006,0.0635,769508.91,2024,6,49511.477685000005,43110.35002499999,47781.17782666667
29.0,32,0,2024-07-31,1,147,51035.026835000004,0.0635,803701.2100000001,2024,7,48863.815785000006,45909.59322,48635.416762500005
29.0,32,0,2024-08-31,1,108,51345.164645000004,0.0635,808585.27,2024,8,51035.026835000004,46223.495944999995,49489.02821250001
29.0,32,0,2024-09-30,1,389,52305.79074,0.0635,823713.24,2024,9,51345.164645000004,48269.73836000001,50161.70360916667
30.0,19,0,2020-01-31,1,389,3353.750664,0.0191,175589.04,2020,1,52305.79074,47908.945965000006,42735.83772566667
30.0,19,0,2020-02-29,1,207,3589.0605629999995,0.0191,187908.93,2020,2,3353.750664,49511.477685000005,35082.10153866667
30.0,19,0,2020-03-31,1,207,3685.016671,0.0191,192932.81,2020,3,3589.0605629999995,48863.815785000006,27552.301686333336
30.0,19,0,2020-04-30,1,179,3685.3555049999995,0.0191,192950.55,2020,4,3685.016671,51035.026835000004,19660.689798
30.0,19,0,2020-05-31,1,179,3795.356798,0.0191,198709.78,2020,5,3685.3555049999995,51345.164645000004,11735.721823499998
30.0,19,0,2020-06-30,1,257,3803.8119859999997,0.0191,199152.46,2020,6,3795.356798,52305.79074,3652.0586978333326
30.0,19,0,2020-07-31,1,218,3921.452897,0.0191,205311.67,2020,7,3803.8119859999997,3353.750664,3746.6757366666666
30.0,19,0,2020-08-31,1,218,4103.985485,0.0191,214868.35,2020,8,3921.452897,3589.0605629999995,3832.496557
30.0,19,0,2020-09-30,1,184,4285.977352,0.0191,224396.72,2020,9,4103.985485,3685.016671,3932.6566705
30.0,19,0,2020-10-31,1,184,4389.41684,0.0191,229812.4,2020,10,4285.977352,3685.3555049999995,4050.0002263333336
30.0,19,0,2020-11-30,1,205,4428.971985,0.0191,231883.35,2020,11,4389.41684,3795.356798,4155.6027575
30.0,19,0,2020-12-31,1,108,4723.2126419999995,0.0191,247288.62,2020,12,4428.971985,3803.8119859999997,4308.8362001666665
30.0,19,0,2021-01-31,1,108,4801.276443,0.0191,251375.73,2021,1,4723.2126419999995,3921.452897,4455.473457833333
30.0,19,0,2021-02-28,1,257,4893.576429,0.0191,256208.19,2021,2,4801.276443,4103.985485,4587.0719485
30.0,19,0,2021-03-31,1,257,4986.399564,0.0191,261068.04,2021,3,4893.576429,4285.977352,4703.8089838333335
30.0,19,0,2021-04-30,1,278,5139.089738999999,0.0191,269062.29,2021,4,4986.399564,4389.41684,4828.754467
30.0,19,0,2021-05-31,1,388,5303.436453,0.0191,277666.83,2021,5,5139.089738999999,4428.971985,4974.4985449999995
30.0,19,0,2021-06-30,1,207,5440.713500999999,0.0191,284854.11,2021,6,5303.436453,4723.2126419999995,5094.082021499999
30.0,19,0,2021-07-31,1,97,5666.14488,0.0191,296656.8,2021,7,5440.713500999999,4801.276443,5238.226761
30.0,19,0,2021-08-31,1,4,5733.433798,0.0191,300179.78,2021,8,5666.14488,4893.576429,5378.202989166666
30.0,19,0,2021-09-30,1,10,5866.977559999999,0.0191,307171.6,2021,9,5733.433798,4986.399564,5524.9659885
30.0,19,0,2021-10-31,1,11,6147.890236999999,0.0191,321879.06999999995,2021,10,5866.977559999999,5139.089738999999,5693.099404833333
30.0,19,0,2021-11-30,1,18,6400.552676999999,0.0191,335107.47,2021,11,6147.890236999999,5303.436453,5875.952108833332
30.0,19,0,2021-12-31,1,13,6638.000248,0.0191,347539.28,2021,12,6400.552676999999,5440.713500999999,6075.499899999999
30.0,19,0,2022-01-31,1,17,6684.762014,0.0191,349987.54000000004,2022,1,6638.000248,5666.14488,6245.269422333332
30.0,19,0,2022-02-28,1,6,6687.500954,0.0191,350130.94,2022,2,6684.762014,5733.433798,6404.280615
30.0,19,0,2022-03-31,1,3,6885.452971999999,0.0191,360494.92,2022,3,6687.500954,5866.977559999999,6574.026516999999
30.0,19,0,2022-04-30,1,19,6692.014092999999,0.0191,350367.23,2022,4,6885.452971999999,6147.890236999999,6664.713826333333
30.0,19,0,2022-05-31,1,9,6779.80094,0.0191,354963.4,2022,5,6692.014092999999,6400.552676999999,6727.921870166666
30.0,19,0,2022-06-30,1,8,9855.185339,0.0191,515978.29,2022,6,6779.80094,6638.000248,7264.119385333334
30.0,19,0,2022-07-31,1,7,9944.847615,0.0191,520672.65,2022,7,9855.185339,6684.762014,7807.4669855
30.0,19,0,2022-08-31,1,2,10094.545392999999,0.0191,528510.23,2022,8,9944.847615,6687.500954,8375.307725333332
30.0,19,0,2022-09-30,1,192,9987.948483999999,0.0191,522929.24,2022,9,10094.545392999999,6885.452971999999,8892.390310666666
30.0,19,0,2022-10-31,1,177,10755.648344999998,0.0191,563122.95,2022,10,9987.948483999999,6692.014092999999,9569.662686
30.0,19,0,2022-11-30,1,150,10613.111539,0.0191,555660.29,2022,11,10755.648344999998,6779.80094,10208.547785833332
30.0,19,0,2022-12-31,1,153,10207.124804,0.0191,534404.44,2022,12,10613.111539,9855.185339,10267.204363333332
30.0,19,0,2023-01-31,1,152,10965.732301,0.0191,574122.11,2023,1,10207.124804,9944.847615,10437.351810999999
30.0,19,0,2023-02-28,1,196,11212.9797,0.0191,587067.0,2023,2,10965.732301,10094.545392999999,10623.757528833334
30.0,19,0,2023-03-31,1,195,11598.685864000001,0.0191,607261.04,2023,3,11212.9797,9987.948483999999,10892.213758833333
30.0,19,0,2023-04-30,1,252,11979.537763,0.0191,627200.93,2023,4,11598.685864000001,10755.648344999998,11096.1953285
30.0,19,0,2023-05-31,1,114,12282.161601,0.0191,643045.11,2023,5,11979.537763,10613.111539,11374.370338833332
30.0,19,0,2023-06-30,1,143,12307.952331,0.0191,644395.41,2023,6,12282.161601,10207.124804,11724.50826
30.0,19,0,2023-07-31,1,252,12296.590887,0.0191,643800.5700000001,2023,7,12307.952331,10965.732301,11946.318024333334
30.0,19,0,2023-08-31,1,184,12552.638037999997,0.0191,657206.1799999999,2023,8,12296.590887,11212.9797,12169.594414
30.0,19,0,2023-09-30,1,1,12962.744451999999,0.0191,678677.72,2023,9,12552.638037999997,11598.685864000001,12396.937511999999
30.0,19,0,2023-10-31,1,179,13024.875606,0.0191,681930.66,2023,10,12962.744451999999,11979.537763,12571.160485833332
30.0,19,0,2023-11-30,1,252,12868.764048,0.0191,673757.28,2023,11,13024.875606,12282.161601,12668.927560333332
30.0,19,0,2023-12-31,1,184,12967.050164999997,0.0191,678903.1499999999,2023,12,12868.764048,12307.952331,12778.777199333332
30.0,19,0,2024-01-31,1,252,13809.027251999998,0.0191,722985.72,2024,1,12967.050164999997,12296.590887,13030.849926833333
30.0,19,0,2024-02-29,1,185,13903.445236999998,0.0191,727929.07,2024,2,13809.027251999998,12552.638037999997,13255.984459999998
30.0,19,0,2024-03-31,1,114,14518.929176000001,0.0191,760153.3600000001,2024,3,13903.445236999998,12962.744451999999,13515.348580666665
30.0,19,0,2024-04-30,1,252,14410.407369,0.0191,754471.5900000001,2024,4,14518.929176000001,13024.875606,13746.270541166663
30.0,19,0,2024-05-31,1,143,14892.428721,0.0191,779708.31,2024,5,14410.407369,12868.764048,14083.547986666665
30.0,19,0,2024-06-30,1,103,14697.620181,0.0191,769508.91,2024,6,14892.428721,12967.050164999997,14371.976322666667
30.0,19,0,2024-07-31,1,143,15350.693111,0.0191,803701.2100000001,2024,7,14697.620181,13809.027251999998,14628.9206325
30.0,19,0,2024-08-31,1,252,15443.978657,0.0191,808585.27,2024,8,15350.693111,13903.445236999998,14885.6762025
30.0,19,0,2024-09-30,1,103,15732.922884,0.0191,823713.24,2024,9,15443.978657,14518.929176000001,15088.008487166668
31.0,10,0,2020-01-31,1,143,8305.361592000001,0.0473,175589.04,2020,1,15732.922884,14410.407369,14070.500857666668
31.0,10,0,2020-02-29,1,252,8888.092389,0.0473,187908.93,2020,2,8305.361592000001,14892.428721,13069.778135666667
31.0,10,0,2020-03-31,1,143,9125.721913,0.0473,192932.81,2020,3,8888.092389,14697.620181,12141.128424333334
31.0,10,0,2020-04-30,1,252,9126.561015,0.0473,192950.55,2020,4,9125.721913,15350.693111,11103.773075
31.0,10,0,2020-05-31,1,143,9398.972594,0.0473,198709.78,2020,5,9126.561015,15443.978657,10096.272064499999
31.0,10,0,2020-06-30,1,370,9419.911358,0.0473,199152.46,2020,6,9398.972594,15732.922884,9044.103476833332
31.0,10,0,2020-07-31,1,143,9711.241991,0.0473,205311.67,2020,7,9419.911358,8305.361592000001,9278.416876666666
31.0,10,0,2020-08-31,1,371,10163.272955,0.0473,214868.35,2020,8,9711.241991,8888.092389,9490.946971
31.0,10,0,2020-09-30,1,143,10613.964856,0.0473,224396.72,2020,9,10163.272955,9125.721913,9738.987461499999
31.0,10,0,2020-10-31,1,252,10870.12652,0.0473,229812.4,2020,10,10613.964856,9126.561015,10029.581712333333
31.0,10,0,2020-11-30,1,143,10968.082455000002,0.0473,231883.35,2020,11,10870.12652,9398.972594,10291.1000225
31.0,10,0,2020-12-31,1,103,11696.751726,0.0473,247288.62,2020,12,10968.082455000002,9419.911358,10670.573417166668
31.0,10,0,2021-01-31,1,252,11890.072029,0.0473,251375.73,2021,1,11696.751726,9711.241991,11033.711756833334
31.0,10,0,2021-02-28,1,143,12118.647387,0.0473,256208.19,2021,2,11890.072029,10163.272955,11359.6074955
31.0,10,0,2021-03-31,1,371,12348.518292,0.0473,261068.04,2021,3,12118.647387,10613.964856,11648.699734833333
31.0,10,0,2021-04-30,1,372,12726.646316999999,0.0473,269062.29,2021,4,12348.518292,10870.12652,11958.119701000001
31.0,10,0,2021-05-31,1,114,13133.641059000001,0.0473,277666.83,2021,5,12726.646316999999,10968.082455000002,12319.046135000002
31.0,10,0,2021-06-30,1,143,13473.599403,0.0473,284854.11,2021,6,13133.641059000001,11696.751726,12615.187414500002
31.0,10,0,2021-07-31,1,118,14031.86664,0.0473,296656.8,2021,7,13473.599403,11890.072029,12972.153183
31.0,10,0,2021-08-31,1,163,14198.503594000002,0.0473,300179.78,2021,8,14031.86664,12118.647387,13318.795884166668
31.0,10,0,2021-09-30,1,119,14529.21668,0.0473,307171.6,2021,9,14198.503594000002,12348.518292,13682.245615500002
31.0,10,0,2021-10-31,1,164,15224.880010999997,0.0473,321879.06999999995,2021,10,14529.21668,12726.646316999999,14098.617897833334
31.0,10,0,2021-11-30,1,117,15850.583331,0.0473,335107.47,2021,11,15224.880010999997,13133.641059000001,14551.441609833331
31.0,10,0,2021-12-31,1,162,16438.607944000003,0.0473,347539.28,2021,12,15850.583331,13473.599403,15045.6097
31.0,10,0,2022-01-31,1,120,16554.410642000003,0.0473,349987.54000000004,2022,1,16438.607944000003,14031.86664,15466.033700333335
31.0,10,0,2022-02-28,1,165,16561.193462,0.0473,350130.94,2022,2,16554.410642000003,14198.503594000002,15859.815345
31.0,10,0,2022-03-31,1,116,17051.409716,0.0473,360494.92,2022,3,16561.193462,14529.21668,16280.180851
31.0,10,0,2022-04-30,1,161,16572.369979,0.0473,350367.23,2022,4,17051.409716,15224.880010999997,16504.762512333335
31.0,10,0,2022-05-31,1,250,16789.76882,0.0473,354963.4,2022,5,16572.369979,15850.583331,16661.29342716667
31.0,10,0,2022-06-30,1,251,24405.773117,0.0473,515978.29,2022,6,16789.76882,16438.607944000003,17989.15428933333
31.0,10,0,2022-07-31,1,112,24627.816345000003,0.0473,520672.65,2022,7,24405.773117,16554.410642000003,19334.7219065
31.0,10,0,2022-08-31,1,159,24998.533879,0.0473,528510.23,2022,8,24627.816345000003,16561.193462,20740.945309333332
31.0,10,0,2022-09-30,1,126,24734.553052,0.0473,522929.24,2022,9,24998.533879,17051.409716,22021.46919866667
31.0,10,0,2022-10-31,1,168,26635.715535,0.0473,563122.95,2022,10,24734.553052,16572.369979,23698.693457999998
31.0,10,0,2022-11-30,1,124,26282.731717000002,0.0473,555660.29,2022,11,26635.715535,16789.76882,25280.853940833334
31.0,10,0,2022-12-31,1,166,25277.330012,0.0473,534404.44,2022,12,26282.731717000002,24405.773117,25426.113423333332
31.0,10,0,2023-01-31,1,125,27155.975803,0.0473,574122.11,2023,1,25277.330012,24627.816345000003,25847.473333
31.0,10,0,2023-02-28,1,167,27768.2691,0.0473,587067.0,2023,2,27155.975803,24998.533879,26309.09586983333
31.0,10,0,2023-03-31,1,123,28723.447192000003,0.0473,607261.04,2023,3,27768.2691,24734.553052,26973.911559833334
31.0,10,0,2023-04-30,1,144,29666.603989000003,0.0473,627200.93,2023,4,28723.447192000003,26635.715535,27479.0596355
31.0,10,0,2023-05-31,1,122,30416.033703,0.0473,643045.11,2023,5,29666.603989000003,26282.731717000002,28167.943299833336
31.0,10,0,2023-06-30,1,191,30479.902893000002,0.0473,644395.41,2023,6,30416.033703,25277.330012,29035.038780000003
31.0,10,0,2023-07-31,1,110,30451.766961000005,0.0473,643800.5700000001,2023,7,30479.902893000002,27155.975803,29584.33730633334
31.0,10,0,2023-08-31,1,111,31085.852314,0.0473,657206.1799999999,2023,8,30451.766961000005,27768.2691,30137.267842
31.0,10,0,2023-09-30,1,114,32101.456156,0.0473,678677.72,2023,9,31085.852314,28723.447192000003,30700.269335999998
31.0,10,0,2023-10-31,1,114,32255.320218000004,0.0473,681930.66,2023,10,32101.456156,29666.603989000003,31131.722040833334
31.0,10,0,2023-11-30,1,252,31868.719344,0.0473,673757.28,2023,11,32255.320218000004,30416.033703,31373.836314333337
31.0,10,0,2023-12-31,1,252,32112.118994999997,0.0473,678903.1499999999,2023,12,31868.719344,30479.902893000002,31645.872331333332
31.0,10,0,2024-01-31,1,286,34197.224556,0.0473,722985.72,2024,1,32112.118994999997,30451.766961000005,32270.115263833333
31.0,10,0,2024-02-29,1,370,34431.045011,0.0473,727929.07,2024,2,34197.224556,31085.852314,32827.64738
31.0,10,0,2024-03-31,1,228,35955.253928000006,0.0473,760153.3600000001,2024,3,34431.045011,32101.456156,33469.94700866667
31.0,10,0,2024-04-30,1,371,35686.506207000006,0.0473,754471.5900000001,2024,4,35955.253928000006,32255.320218000004,34041.81134016667
31.0,10,0,2024-05-31,1,371,36880.203063,0.0473,779708.31,2024,5,35686.506207000006,31868.719344,34877.05862666667
31.0,10,0,2024-06-30,1,60,36397.771443000005,0.0473,769508.91,2024,6,36880.203063,32112.118994999997,35591.334034666674
31.0,10,0,2024-07-31,1,193,38015.067233,0.0473,803701.2100000001,2024,7,36397.771443000005,34197.224556,36227.6411475
31.0,10,0,2024-08-31,1,114,38246.083271,0.0473,808585.27,2024,8,38015.067233,34431.045011,36863.4808575
31.0,10,0,2024-09-30,1,252,38961.636252000004,0.0473,823713.24,2024,9,38246.083271,35955.253928000006,37364.54457816667
32.0,4,0,2020-01-31,1,99,4108.783536,0.0234,175589.04,2020,1,38961.636252000004,35686.506207000006,32101.59079966667
32.0,4,0,2020-02-29,1,101,4397.068962,0.0234,187908.93,2020,2,4108.783536,36880.203063,26687.73511616667
32.0,4,0,2020-03-31,1,252,4514.627754,0.0234,192932.81,2020,3,4397.068962,36397.771443000005,21373.877834666666
32.0,4,0,2020-04-30,1,252,4515.04287,0.0234,192950.55,2020,4,4514.627754,38015.067233,15790.540440833334
32.0,4,0,2020-05-31,1,101,4649.808852,0.0234,198709.78,2020,5,4515.04287,38246.083271,10191.161371
32.0,4,0,2020-06-30,1,132,4660.167564,0.0234,199152.46,2020,6,4649.808852,38961.636252000004,4474.249923
32.0,4,0,2020-07-31,1,43,4804.293078000001,0.0234,205311.67,2020,7,4660.167564,4108.783536,4590.168180000001
32.0,4,0,2020-08-31,1,353,5027.91939,0.0234,214868.35,2020,8,4804.293078000001,4397.068962,4695.309918
32.0,4,0,2020-09-30,1,89,5250.883248,0.0234,224396.72,2020,9,5027.91939,4514.627754,4818.0191669999995
32.0,4,0,2020-10-31,1,354,5377.61016,0.0234,229812.4,2020,10,5250.883248,4515.04287,4961.780382000001
32.0,4,0,2020-11-30,1,56,5426.07039,0.0234,231883.35,2020,11,5377.61016,4649.808852,5091.157305
32.0,4,0,2020-12-31,1,240,5786.553708,0.0234,247288.62,2020,12,5426.07039,4660.167564,5278.888329
32.0,4,0,2021-01-31,1,351,5882.1920820000005,0.0234,251375.73,2021,1,5786.553708,4804.293078000001,5458.538163
32.0,4,0,2021-02-28,1,72,5995.271646,0.0234,256208.19,2021,2,5882.1920820000005,5027.91939,5619.763539
32.0,4,0,2021-03-31,1,132,6108.992136000001,0.0234,261068.04,2021,3,5995.271646,5250.883248,5762.781687
32.0,4,0,2021-04-30,1,43,6296.057586,0.0234,269062.29,2021,4,6108.992136000001,5377.61016,5915.856258
32.0,4,0,2021-05-31,1,353,6497.403822,0.0234,277666.83,2021,5,6296.057586,5426.07039,6094.411830000001
32.0,4,0,2021-06-30,1,89,6665.586174,0.0234,284854.11,2021,6,6497.403822,5786.553708,6240.917241
32.0,4,0,2021-07-31,1,231,6941.76912,0.0234,296656.8,2021,7,6665.586174,5882.1920820000005,6417.513414000001
32.0,4,0,2021-08-31,1,132,7024.206852000001,0.0234,300179.78,2021,8,6941.76912,5995.271646,6589.002615
32.0,4,0,2021-09-30,1,43,7187.815439999999,0.0234,307171.6,2021,9,7024.206852000001,6108.992136000001,6768.806498999999
32.0,4,0,2021-10-31,1,353,7531.970237999999,0.0234,321879.06999999995,2021,10,7187.815439999999,6296.057586,6974.7919409999995
32.0,4,0,2021-11-30,1,84,7841.514797999999,0.0234,335107.47,2021,11,7531.970237999999,6497.403822,7198.810436999999
32.0,4,0,2021-12-31,1,231,8132.419152000001,0.0234,347539.28,2021,12,7841.514797999999,6665.586174,7443.2826
32.0,4,0,2022-01-31,1,371,8189.708436000001,0.0234,349987.54000000004,2022,1,8132.419152000001,6941.76912,7651.272485999999
32.0,4,0,2022-02-28,1,132,8193.063996,0.0234,350130.94,2022,2,8189.708436000001,7024.206852000001,7846.082010000001
32.0,4,0,2022-03-31,1,43,8435.581128,0.0234,360494.92,2022,3,8193.063996,7187.815439999999,8054.042958000001
32.0,4,0,2022-04-30,1,353,8198.593182,0.0234,350367.23,2022,4,8435.581128,7531.970237999999,8165.146782000001
32.0,4,0,2022-05-31,1,84,8306.14356,0.0234,354963.4,2022,5,8198.593182,7841.514797999999,8242.584909000001
32.0,4,0,2022-06-30,1,231,12073.891986,0.0234,515978.29,2022,6,8306.14356,8132.419152000001,8899.497048000001
32.0,4,0,2022-07-31,1,134,12183.740010000001,0.0234,520672.65,2022,7,12073.891986,8189.708436000001,9565.168977000001
32.0,4,0,2022-08-31,1,43,12367.139382,0.0234,528510.23,2022,8,12183.740010000001,8193.063996,10260.848208000001
32.0,4,0,2022-09-30,1,353,12236.544216,0.0234,522929.24,2022,9,12367.139382,8435.581128,10894.342056
32.0,4,0,2022-10-31,1,84,13177.077029999999,0.0234,563122.95,2022,10,12236.544216,8198.593182,11724.089364
32.0,4,0,2022-11-30,1,231,13002.450786000001,0.0234,555660.29,2022,11,13177.077029999999,8306.14356,12506.807235
32.0,4,0,2022-12-31,1,354,12505.063896,0.0234,534404.44,2022,12,13002.450786000001,12073.891986,12578.669220000002
32.0,4,0,2023-01-31,1,56,13434.457374,0.0234,574122.11,2023,1,12505.063896,12183.740010000001,12787.122114
32.0,4,0,2023-02-28,1,56,13737.3678,0.0234,587067.0,2023,2,13434.457374,12367.139382,13015.493517
32.0,4,0,2023-03-31,1,56,14209.908336,0.0234,607261.04,2023,3,13737.3678,12236.544216,13344.387537
32.0,4,0,2023-04-30,1,240,14676.501762000002,0.0234,627200.93,2023,4,14209.908336,13177.077029999999,13594.291659
32.0,4,0,2023-05-31,1,240,15047.255574,0.0234,643045.11,2023,5,14676.501762000002,13002.450786000001,13935.092456999999
32.0,4,0,2023-06-30,1,351,15078.852594000002,0.0234,644395.41,2023,6,15047.255574,12505.063896,14364.05724
32.0,4,0,2023-07-31,1,351,15064.933338000003,0.0234,643800.5700000001,2023,7,15078.852594000002,13434.457374,14635.803234
32.0,4,0,2023-08-31,1,73,15378.624612,0.0234,657206.1799999999,2023,8,15064.933338000003,13737.3678,14909.346036000003
32.0,4,0,2023-09-30,1,57,15881.058648,0.0234,678677.72,2023,9,15378.624612,14209.908336,15187.871088
32.0,4,0,2023-10-31,1,57,15957.177444,0.0234,681930.66,2023,10,15881.058648,14676.501762000002,15401.317035
32.0,4,0,2023-11-30,1,57,15765.920352000001,0.0234,673757.28,2023,11,15957.177444,15047.255574,15521.094498
32.0,4,0,2023-12-31,1,77,15886.333709999999,0.0234,678903.1499999999,2023,12,15765.920352000001,15078.852594000002,15655.674684000003
32.0,4,0,2024-01-31,1,133,16917.865848,0.0234,722985.72,2024,1,15886.333709999999,15064.933338000003,15964.496769
32.0,4,0,2024-02-29,1,43,17033.540237999998,0.0234,727929.07,2024,2,16917.865848,15378.624612,16240.316039999998
32.0,4,0,2024-03-31,1,353,17787.588624000004,0.0234,760153.3600000001,2024,3,17033.540237999998,15881.058648,16558.071036
32.0,4,0,2024-04-30,1,84,17654.635206000003,0.0234,754471.5900000001,2024,4,17787.588624000004,15957.177444,16840.980663
32.0,4,0,2024-05-31,1,231,18245.174454000004,0.0234,779708.31,2024,5,17654.635206000003,15765.920352000001,17254.18968
32.0,4,0,2024-06-30,1,132,18006.508494,0.0234,769508.91,2024,6,18245.174454000004,15886.333709999999,17607.552144
32.0,4,0,2024-07-31,1,132,18806.608314,0.0234,803701.2100000001,2024,7,18006.508494,16917.865848,17922.342555000003
32.0,4,0,2024-08-31,1,43,18920.895318000003,0.0234,808585.27,2024,8,18806.608314,17033.540237999998,18236.901735000003
32.0,4,0,2024-09-30,1,121,19274.889816,0.0234,823713.24,2024,9,18920.895318000003,17787.588624000004,18484.785267000003
33.0,21,1,2020-01-31,0,65,5873.513580000001,0.1837,31973.4,2020,1,19274.889816,17654.635206000003,16521.264996
33.0,21,1,2020-02-29,0,405,5782.920088000001,0.1837,31480.24,2020,2,5873.513580000001,18245.174454000004,14444.222601666668
33.0,21,1,2020-03-31,0,407,5907.679943,0.1837,32159.39,2020,3,5782.920088000001,18006.508494,12427.7511765
33.0,21,1,2020-04-30,0,359,5658.637853,0.1837,30803.69,2020,4,5907.679943,18806.608314,10236.422766333335
33.0,21,1,2020-05-31,0,362,5789.8694590000005,0.1837,31518.07,2020,5,5658.637853,18920.895318000003,8047.9184565000005
33.0,21,1,2020-06-30,0,363,5923.6067330000005,0.1837,32246.09,2020,6,5789.8694590000005,19274.889816,5822.704609333334
33.0,21,1,2020-07-31,0,364,5939.856835,0.1837,32334.55,2020,7,5923.6067330000005,5873.513580000001,5833.7618185
33.0,21,1,2020-08-31,0,54,5826.2641029999995,0.1837,31716.19,2020,8,5939.856835,5782.920088000001,5840.985820999999
33.0,21,1,2020-09-30,0,55,6195.752772,0.1837,33727.56,2020,9,5826.2641029999995,5907.679943,5888.997959166667
33.0,21,1,2020-10-31,0,338,6340.668191,0.1837,34516.43,2020,10,6195.752772,5658.637853,6002.6696821666665
33.0,21,1,2020-11-30,0,339,6304.137609,0.1837,34317.57,2020,11,6340.668191,5789.8694590000005,6088.3810405
33.0,21,1,2020-12-31,0,408,6118.167077,0.1837,33305.21,2020,12,6304.137609,5923.6067330000005,6120.8077645
33.0,21,1,2021-01-31,0,410,6409.087256,0.1837,34888.88,2021,1,6118.167077,5939.856835,6199.012834666667
33.0,21,1,2021-02-28,0,332,6413.159885000001,0.1837,34911.05,2021,2,6409.087256,5826.2641029999995,6296.828798333333
33.0,21,1,2021-03-31,0,333,6364.444482,0.1837,34645.86,2021,3,6413.159885000001,6195.752772,6324.944083333333
33.0,21,1,2021-04-30,0,331,6311.9430219999995,0.1837,34360.06,2021,4,6364.444482,6340.668191,6320.156555166667
33.0,21,1,2021-05-31,0,176,6500.1253019999995,0.1837,35384.46,2021,5,6311.9430219999995,6304.137609,6352.821170666667
33.0,21,1,2021-06-30,0,59,6584.564844,0.1837,35844.12,2021,6,6500.1253019999995,6118.167077,6430.5541318333335
33.0,21,1,2021-07-31,0,58,6479.499466,0.1837,35272.18,2021,7,6584.564844,6409.087256,6442.289500166667
33.0,21,1,2021-08-31,0,58,6434.42316,0.1837,35026.8,2021,8,6479.499466,6413.159885000001,6445.833379333333
33.0,21,1,2021-09-30,0,58,6698.089607,0.1837,36462.11,2021,9,6434.42316,6364.444482,6501.440900166667
33.0,21,1,2021-10-31,0,59,6722.211254,0.1837,36593.42,2021,10,6698.089607,6311.9430219999995,6569.818938833334
33.0,21,1,2021-11-30,0,59,6316.173632999999,0.1837,34383.09,2021,11,6722.211254,6500.1253019999995,6539.160327333334
33.0,21,1,2021-12-31,0,59,6148.613514999999,0.1837,33470.95,2021,12,6316.173632999999,6584.564844,6466.5017725
33.0,21,1,2022-01-31,0,59,6140.33783,0.1837,33425.9,2022,1,6148.613514999999,6479.499466,6409.974833166666
33.0,21,1,2022-02-28,0,59,5995.650199,0.1837,32638.27,2022,2,6140.33783,6434.42316,6336.846006333333
33.0,21,1,2022-03-31,0,340,5950.4783689999995,0.1837,32392.37,2022,3,5995.650199,6698.089607,6212.244133333333
33.0,21,1,2022-04-30,0,59,5731.451022,0.1837,31200.06,2022,4,5950.4783689999995,6722.211254,6047.1174280000005
33.0,21,1,2022-05-31,0,59,5751.292459,0.1837,31308.07,2022,5,5731.451022,6316.173632999999,5952.9705656666665
33.0,21,1,2022-06-30,0,94,16143.679079,0.1837,87880.67,2022,6,5751.292459,6148.613514999999,7618.814826333332
33.0,21,1,2022-07-31,0,226,15969.733549,0.1837,86933.77,2022,7,16143.679079,6140.33783,9257.047446166665
33.0,21,1,2022-08-31,0,35,15040.312584000001,0.1837,81874.32,2022,8,15969.733549,5995.650199,10764.491177
33.0,21,1,2022-09-30,0,31,15500.220229999999,0.1837,84377.9,2022,9,15040.312584000001,5950.4783689999995,12356.1148205
33.0,21,1,2022-10-31,0,40,14375.482077,0.1837,78255.21,2022,10,15500.220229999999,5731.451022,13796.786662999999
33.0,21,1,2022-11-30,0,37,15185.735015,0.1837,82665.95,2022,11,14375.482077,5751.292459,15369.193755666667
33.0,21,1,2022-12-31,0,232,17803.61616,0.1837,96916.8,2022,12,15185.735015,16143.679079,15645.849935833334
33.0,21,1,2023-01-31,0,151,17589.184987,0.1837,95749.51,2023,1,17803.61616,15969.733549,15915.758508833334
33.0,21,1,2023-02-28,0,352,10103.569806,0.1837,55000.38,2023,2,17589.184987,15040.312584000001,15092.968045833333
33.0,21,1,2023-03-31,0,350,12051.294981000001,0.1837,65603.13,2023,3,10103.569806,15500.220229999999,14518.147170999999
33.0,21,1,2023-04-30,0,391,10006.842571000001,0.1837,54473.83,2023,4,12051.294981000001,14375.482077,13790.040586666668
33.0,21,1,2023-05-31,0,95,9685.092021,0.1837,52722.33,2023,5,10006.842571000001,15185.735015,12873.266754333335
33.0,21,1,2023-06-30,0,246,10656.176146,0.1837,58008.58,2023,6,9685.092021,17803.61616,11682.026752
33.0,21,1,2023-07-31,0,226,9901.068111,0.1837,53898.03,2023,7,10656.176146,17589.184987,10400.673939333334
33.0,21,1,2023-08-31,0,35,9796.866123,0.1837,53330.79,2023,8,9901.068111,10103.569806,10349.556658833333
33.0,21,1,2023-09-30,0,31,9360.856010000001,0.1837,50957.3,2023,9,9796.866123,12051.294981000001,9901.150163666667
33.0,21,1,2023-10-31,0,40,10395.49115,0.1837,56589.5,2023,10,9360.856010000001,10006.842571000001,9965.924926833335
33.0,21,1,2023-11-30,0,37,9583.482039999999,0.1837,52169.2,2023,11,10395.49115,9685.092021,9948.98993
33.0,21,1,2023-12-31,0,232,10985.438189,0.1837,59800.97,2023,12,9583.482039999999,10656.176146,10003.866937166667
33.0,21,1,2024-01-31,0,148,8985.411787000001,0.1837,48913.51,2024,1,10985.438189,9901.068111,9851.257549833334
33.0,21,1,2024-02-29,0,94,8960.560851,0.1837,48778.23,2024,2,8985.411787000001,9796.866123,9711.873337833333
33.0,21,1,2024-03-31,0,96,8995.298521,0.1837,48967.33,2024,3,8960.560851,9360.856010000001,9650.947089666666
33.0,21,1,2024-04-30,0,226,8914.599111,0.1837,48528.03,2024,4,8995.298521,10395.49115,9404.131749833334
33.0,21,1,2024-05-31,0,227,8948.928967000002,0.1837,48714.91,2024,5,8914.599111,9583.482039999999,9298.372904333335
33.0,21,1,2024-06-30,0,35,9052.076517000001,0.1837,49276.41,2024,6,8948.928967000002,10985.438189,8976.145959000001
33.0,21,1,2024-07-31,0,36,8536.853127,0.1837,46471.71,2024,7,9052.076517000001,8985.411787000001,8901.386182333334
33.0,21,1,2024-08-31,0,31,8483.005146,0.1837,46178.58,2024,8,8536.853127,8960.560851,8821.793564833335
33.0,21,1,2024-09-30,0,32,7778.4770690000005,0.1837,42343.37,2024,9,8483.005146,8995.298521,8618.9899895
34.0,23,1,2020-01-31,0,40,4009.4643600000004,0.1254,31973.4,2020,1,7778.4770690000005,8914.599111,7801.467531000001
34.0,23,1,2020-02-29,0,37,3947.6220960000005,0.1254,31480.24,2020,2,4009.4643600000004,8948.928967000002,6967.916385833333
34.0,23,1,2020-03-31,0,41,4032.787506,0.1254,32159.39,2020,3,3947.6220960000005,9052.076517000001,6131.368217333334
34.0,23,1,2020-04-30,0,232,3862.7827260000004,0.1254,30803.69,2020,4,4032.787506,8536.853127,5352.356483833333
34.0,23,1,2020-05-31,0,233,3952.3659780000003,0.1254,31518.07,2020,5,3862.7827260000004,8483.005146,4597.249955833334
34.0,23,1,2020-06-30,0,368,4043.6596860000004,0.1254,32246.09,2020,6,3952.3659780000003,7778.4770690000005,3974.7803920000006
34.0,23,1,2020-07-31,0,369,4054.75257,0.1254,32334.55,2020,7,4043.6596860000004,4009.4643600000004,3982.3284270000004
34.0,23,1,2020-08-31,0,373,3977.210226,0.1254,31716.19,2020,8,4054.75257,3947.6220960000005,3987.2597820000005
34.0,23,1,2020-09-30,0,374,4229.4360240000005,0.1254,33727.56,2020,9,3977.210226,4032.787506,4020.0345350000007
34.0,23,1,2020-10-31,0,377,4328.360322,0.1254,34516.43,2020,10,4229.4360240000005,3862.7827260000004,4097.630801
34.0,23,1,2020-11-30,0,378,4303.423278,0.1254,34317.57,2020,11,4328.360322,3952.3659780000003,4156.140351
34.0,23,1,2020-12-31,0,412,4176.473334,0.1254,33305.21,2020,12,4303.423278,4043.6596860000004,4178.2759590000005
34.0,23,1,2021-01-31,0,413,4375.065552,0.1254,34888.88,2021,1,4176.473334,4054.75257,4231.661456000001
34.0,23,1,2021-02-28,0,234,4377.845670000001,0.1254,34911.05,2021,2,4375.065552,3977.210226,4298.43403
34.0,23,1,2021-03-31,0,235,4344.590844,0.1254,34645.86,2021,3,4377.845670000001,4229.4360240000005,4317.6265
34.0,23,1,2021-04-30,0,242,4308.751524,0.1254,34360.06,2021,4,4344.590844,4328.360322,4314.358367
34.0,23,1,2021-05-31,0,243,4437.211284,0.1254,35384.46,2021,5,4308.751524,4303.423278,4336.656368000001
34.0,23,1,2021-06-30,0,21,4494.852648000001,0.1254,35844.12,2021,6,4437.211284,4176.473334,4389.7195870000005
34.0,23,1,2021-07-31,0,22,4423.131372000001,0.1254,35272.18,2021,7,4494.852648000001,4375.065552,4397.730557
34.0,23,1,2021-08-31,0,141,4392.360720000001,0.1254,35026.8,2021,8,4423.131372000001,4377.845670000001,4400.149732000001
34.0,23,1,2021-09-30,0,142,4572.348594,0.1254,36462.11,2021,9,4392.360720000001,4344.590844,4438.109357
34.0,23,1,2021-10-31,0,373,4588.814868,0.1254,36593.42,2021,10,4572.348594,4308.751524,4484.786581
34.0,23,1,2021-11-30,0,374,4311.639486,0.1254,34383.09,2021,11,4588.814868,4437.211284,4463.857948
34.0,23,1,2021-12-31,0,23,4197.25713,0.1254,33470.95,2021,12,4311.639486,4494.852648000001,4414.258695
34.0,23,1,2022-01-31,0,24,4191.607860000001,0.1254,33425.9,2022,1,4197.25713,4423.131372000001,4375.671443
34.0,23,1,2022-02-28,0,139,4092.8390580000005,0.1254,32638.27,2022,2,4191.607860000001,4392.360720000001,4325.751166000001
34.0,23,1,2022-03-31,0,140,4062.0031980000003,0.1254,32392.37,2022,3,4092.8390580000005,4572.348594,4240.6936
34.0,23,1,2022-04-30,0,91,3912.4875240000006,0.1254,31200.06,2022,4,4062.0031980000003,4588.814868,4127.972376000001
34.0,23,1,2022-05-31,0,92,3926.0319780000004,0.1254,31308.07,2022,5,3912.4875240000006,4311.639486,4063.7044580000006
34.0,23,1,2022-06-30,0,40,11020.236018000001,0.1254,87880.67,2022,6,3926.0319780000004,4197.25713,5200.867606000001
34.0,23,1,2022-07-31,0,37,10901.494758,0.1254,86933.77,2022,7,11020.236018000001,4191.607860000001,6319.182089000001
34.0,23,1,2022-08-31,0,42,10267.039728000002,0.1254,81874.32,2022,8,10901.494758,4092.8390580000005,7348.215534000002
34.0,23,1,2022-09-30,0,232,10580.98866,0.1254,84377.9,2022,9,10267.039728000002,4062.0031980000003,8434.713111
34.0,23,1,2022-10-31,0,65,9813.203334000002,0.1254,78255.21,2022,10,10580.98866,3912.4875240000006,9418.165746
34.0,23,1,2022-11-30,0,405,10366.31013,0.1254,82665.95,2022,11,9813.203334000002,3926.0319780000004,10491.545438000001
34.0,23,1,2022-12-31,0,407,12153.366720000002,0.1254,96916.8,2022,12,10366.31013,11020.236018000001,10680.400555000002
34.0,23,1,2023-01-31,0,359,12006.988554,0.1254,95749.51,2023,1,12153.366720000002,10901.494758,10864.649521000001
34.0,23,1,2023-02-28,0,362,6897.047652,0.1254,55000.38,2023,2,12006.988554,10267.039728000002,10302.984175
34.0,23,1,2023-03-31,0,363,8226.632502000002,0.1254,65603.13,2023,3,6897.047652,10580.98866,9910.591482000002
34.0,23,1,2023-04-30,0,364,6831.018282000001,0.1254,54473.83,2023,4,8226.632502000002,9813.203334000002,9413.560640000002
34.0,23,1,2023-05-31,0,54,6611.380182000001,0.1254,52722.33,2023,5,6831.018282000001,10366.31013,8787.738982
34.0,23,1,2023-06-30,0,55,7274.2759320000005,0.1254,58008.58,2023,6,6611.380182000001,12153.366720000002,7974.557184
34.0,23,1,2023-07-31,0,338,6758.812962000001,0.1254,53898.03,2023,7,7274.2759320000005,12006.988554,7099.8612520000015
34.0,23,1,2023-08-31,0,339,6687.681066000001,0.1254,53330.79,2023,8,6758.812962000001,6897.047652,7064.966821000002
34.0,23,1,2023-09-30,0,408,6390.045420000001,0.1254,50957.3,2023,9,6687.681066000001,8226.632502000002,6758.868974
34.0,23,1,2023-10-31,0,410,7096.323300000001,0.1254,56589.5,2023,10,6390.045420000001,6831.018282000001,6803.086477000001
34.0,23,1,2023-11-30,0,332,6542.01768,0.1254,52169.2,2023,11,7096.323300000001,6611.380182000001,6791.526060000001
34.0,23,1,2023-12-31,0,333,7499.041638000001,0.1254,59800.97,2023,12,6542.01768,7274.2759320000005,6828.987011
34.0,23,1,2024-01-31,0,331,6133.754154000001,0.1254,48913.51,2024,1,7499.041638000001,6758.812962000001,6724.8105430000005
34.0,23,1,2024-02-29,0,176,6116.7900420000005,0.1254,48778.23,2024,2,6133.754154000001,6687.681066000001,6629.662039
34.0,23,1,2024-03-31,0,59,6140.503182,0.1254,48967.33,2024,3,6116.7900420000005,6390.045420000001,6588.071666000001
34.0,23,1,2024-04-30,0,58,6085.414962000001,0.1254,48528.03,2024,4,6140.503182,7096.323300000001,6419.586943000001
34.0,23,1,2024-05-31,0,58,6108.849714000001,0.1254,48714.91,2024,5,6085.414962000001,6542.01768,6347.392282000001
34.0,23,1,2024-06-30,0,58,6179.261814000001,0.1254,49276.41,2024,6,6108.849714000001,7499.041638000001,6127.428978000001
34.0,23,1,2024-07-31,0,59,5827.552434,0.1254,46471.71,2024,7,6179.261814000001,6133.754154000001,6076.395358000001
34.0,23,1,2024-08-31,0,59,5790.7939320000005,0.1254,46178.58,2024,8,5827.552434,6116.7900420000005,6022.062673
34.0,23,1,2024-09-30,0,59,5309.858598000001,0.1254,42343.37,2024,9,5790.7939320000005,6140.503182,5883.621909000001
35.0,17,1,2020-01-31,0,59,2944.75014,0.0921,31973.4,2020,1,5309.858598000001,6085.414962000001,5360.177772
35.0,17,1,2020-02-29,0,59,2899.330104,0.0921,31480.24,2020,2,2944.75014,6108.849714000001,4825.257837
35.0,17,1,2020-03-31,0,340,2961.8798189999998,0.0921,32159.39,2020,3,2899.330104,6179.261814000001,4289.027504500001
35.0,17,1,2020-04-30,0,59,2837.019849,0.0921,30803.69,2020,4,2961.8798189999998,5827.552434,3790.6054070000005
35.0,17,1,2020-05-31,0,59,2902.814247,0.0921,31518.07,2020,5,2837.019849,5790.7939320000005,3309.2754595
35.0,17,1,2020-06-30,0,94,2969.864889,0.0921,32246.09,2020,6,2902.814247,5309.858598000001,2919.2765080000004
35.0,17,1,2020-07-31,0,226,2978.012055,0.0921,32334.55,2020,7,2969.864889,2944.75014,2924.8201605
35.0,17,1,2020-08-31,0,35,2921.061099,0.0921,31716.19,2020,8,2978.012055,2899.330104,2928.441993
35.0,17,1,2020-09-30,0,31,3106.3082759999998,0.0921,33727.56,2020,9,2921.061099,2961.8798189999998,2952.5134025
35.0,17,1,2020-10-31,0,40,3178.9632030000002,0.0921,34516.43,2020,10,3106.3082759999998,2837.019849,3009.5039615
35.0,17,1,2020-11-30,0,37,3160.648197,0.0921,34317.57,2020,11,3178.9632030000002,2902.814247,3052.4762865
35.0,17,1,2020-12-31,0,232,3067.409841,0.0921,33305.21,2020,12,3160.648197,2969.864889,3068.7337785
35.0,17,1,2021-01-31,0,151,3213.265848,0.0921,34888.88,2021,1,3067.409841,2978.012055,3107.942744
35.0,17,1,2021-02-28,0,352,3215.307705,0.0921,34911.05,2021,2,3213.265848,2921.061099,3156.983845
35.0,17,1,2021-03-31,0,350,3190.883706,0.0921,34645.86,2021,3,3215.307705,3106.3082759999998,3171.0797500000003
35.0,17,1,2021-04-30,0,391,3164.561526,0.0921,34360.06,2021,4,3190.883706,3178.9632030000002,3168.6794704999998
35.0,17,1,2021-05-31,0,95,3258.908766,0.0921,35384.46,2021,5,3164.561526,3160.648197,3185.0562320000004
35.0,17,1,2021-06-30,0,246,3301.243452,0.0921,35844.12,2021,6,3258.908766,3067.409841,3224.0285005
35.0,17,1,2021-07-31,0,226,3248.567778,0.0921,35272.18,2021,7,3301.243452,3213.265848,3229.9121555
35.0,17,1,2021-08-31,0,35,3225.9682800000005,0.0921,35026.8,2021,8,3248.567778,3215.307705,3231.688918
35.0,17,1,2021-09-30,0,31,3358.160331,0.0921,36462.11,2021,9,3225.9682800000005,3190.883706,3259.5683555
35.0,17,1,2021-10-31,0,40,3370.2539819999997,0.0921,36593.42,2021,10,3358.160331,3164.561526,3293.8504315000005
35.0,17,1,2021-11-30,0,37,3166.6825889999996,0.0921,34383.09,2021,11,3370.2539819999997,3258.908766,3278.4794020000004
35.0,17,1,2021-12-31,0,232,3082.6744949999998,0.0921,33470.95,2021,12,3166.6825889999996,3301.243452,3242.0512425
35.0,17,1,2022-01-31,0,148,3078.5253900000002,0.0921,33425.9,2022,1,3082.6744949999998,3248.567778,3213.7108445
35.0,17,1,2022-02-28,0,94,3005.984667,0.0921,32638.27,2022,2,3078.5253900000002,3225.9682800000005,3177.046909
35.0,17,1,2022-03-31,0,96,2983.337277,0.0921,32392.37,2022,3,3005.984667,3358.160331,3114.5764
35.0,17,1,2022-04-30,0,226,2873.5255260000004,0.0921,31200.06,2022,4,2983.337277,3370.2539819999997,3031.7883239999996
35.0,17,1,2022-05-31,0,227,2883.473247,0.0921,31308.07,2022,5,2873.5255260000004,3166.6825889999996,2984.5867670000002
35.0,17,1,2022-06-30,0,35,8093.809707,0.0921,87880.67,2022,6,2883.473247,3082.6744949999998,3819.7759690000003
35.0,17,1,2022-07-31,0,36,8006.600217,0.0921,86933.77,2022,7,8093.809707,3078.5253900000002,4641.1217735
35.0,17,1,2022-08-31,0,31,7540.624872,0.0921,81874.32,2022,8,8006.600217,3005.984667,5396.895141
35.0,17,1,2022-09-30,0,32,7771.204589999999,0.0921,84377.9,2022,9,7540.624872,2983.337277,6194.8730265
35.0,17,1,2022-10-31,0,40,7207.304841000001,0.0921,78255.21,2022,10,7771.204589999999,2873.5255260000004,6917.169579
35.0,17,1,2022-11-30,0,37,7613.533995,0.0921,82665.95,2022,11,7207.304841000001,2883.473247,7705.513037000001
35.0,17,1,2022-12-31,0,41,8926.03728,0.0921,96916.8,2022,12,7613.533995,8093.809707,7844.2176325
35.0,17,1,2023-01-31,0,232,8818.529870999999,0.0921,95749.51,2023,1,8926.03728,8006.600217,7979.5392415
35.0,17,1,2023-02-28,0,233,5065.534998,0.0921,55000.38,2023,2,8818.529870999999,7540.624872,7567.0242625
35.0,17,1,2023-03-31,0,368,6042.048273,0.0921,65603.13,2023,3,5065.534998,7771.204589999999,7278.831543
35.0,17,1,2023-04-30,0,369,5017.039743,0.0921,54473.83,2023,4,6042.048273,7207.304841000001,6913.787359999999
35.0,17,1,2023-05-31,0,373,4855.726593,0.0921,52722.33,2023,5,5017.039743,7613.533995,6454.152793
35.0,17,1,2023-06-30,0,374,5342.590218,0.0921,58008.58,2023,6,4855.726593,8926.03728,5856.911616
35.0,17,1,2023-07-31,0,377,4964.008563,0.0921,53898.03,2023,7,5342.590218,8818.529870999999,5214.491398
35.0,17,1,2023-08-31,0,378,4911.765759,0.0921,53330.79,2023,8,4964.008563,5065.534998,5188.8631915000005
35.0,17,1,2023-09-30,0,412,4693.16733,0.0921,50957.3,2023,9,4911.765759,6042.048273,4964.049701000001
35.0,17,1,2023-10-31,0,413,5211.89295,0.0921,56589.5,2023,10,4693.16733,5017.039743,4996.5252355
35.0,17,1,2023-11-30,0,234,4804.78332,0.0921,52169.2,2023,11,5211.89295,4855.726593,4988.03469
35.0,17,1,2023-12-31,0,235,5507.669337,0.0921,59800.97,2023,12,4804.78332,5342.590218,5015.5478765
35.0,17,1,2024-01-31,0,242,4504.934271,0.0921,48913.51,2024,1,5507.669337,4964.008563,4939.0354945
35.0,17,1,2024-02-29,0,243,4492.474983,0.0921,48778.23,2024,2,4504.934271,4911.765759,4869.153698499999
35.0,17,1,2024-03-31,0,21,4509.891093,0.0921,48967.33,2024,3,4492.474983,4693.16733,4838.607659
35.0,17,1,2024-04-30,0,22,4469.431563,0.0921,48528.03,2024,4,4509.891093,5211.89295,4714.8640945
35.0,17,1,2024-05-31,0,141,4486.6432110000005,0.0921,48714.91,2024,5,4469.431563,4804.78332,4661.840743
35.0,17,1,2024-06-30,0,142,4538.357361,0.0921,49276.41,2024,6,4486.6432110000005,5507.669337,4500.288747
35.0,17,1,2024-07-31,0,373,4280.044491,0.0921,46471.71,2024,7,4538.357361,4504.934271,4462.807117
35.0,17,1,2024-08-31,0,374,4253.047218000001,0.0921,46178.58,2024,8,4280.044491,4492.474983,4422.9024895
35.0,17,1,2024-09-30,0,23,3899.8243770000004,0.0921,42343.37,2024,9,4253.047218000001,4509.891093,4321.2247035
36.0,12,1,2020-01-31,0,24,4760.839260000001,0.1489,31973.4,2020,1,3899.8243770000004,4469.431563,4369.792653
36.0,12,1,2020-02-29,0,139,4687.407736,0.1489,31480.24,2020,2,4760.839260000001,4486.6432110000005,4403.253407166667
36.0,12,1,2020-03-31,0,140,4788.533171,0.1489,32159.39,2020,3,4687.407736,4538.357361,4444.9493755
36.0,12,1,2020-04-30,0,91,4586.669441,0.1489,30803.69,2020,4,4788.533171,4280.044491,4496.053533833334
36.0,12,1,2020-05-31,0,92,4693.040623,0.1489,31518.07,2020,5,4586.669441,4253.047218000001,4569.385768
36.0,12,1,2020-06-30,0,40,4801.442801,0.1489,32246.09,2020,6,4693.040623,3899.8243770000004,4719.655505333333
36.0,12,1,2020-07-31,0,37,4814.614495,0.1489,32334.55,2020,7,4801.442801,4760.839260000001,4728.6180445
36.0,12,1,2020-08-31,0,42,4722.540691,0.1489,31716.19,2020,8,4814.614495,4687.407736,4734.473537000001
36.0,12,1,2020-09-30,0,232,5022.033684,0.1489,33727.56,2020,9,4722.540691,4788.533171,4773.390289166667
36.0,12,1,2020-10-31,0,65,5139.496427,0.1489,34516.43,2020,10,5022.033684,4586.669441,4865.528120166667
36.0,12,1,2020-11-30,0,405,5109.886173,0.1489,34317.57,2020,11,5139.496427,4693.040623,4935.0023785
36.0,12,1,2020-12-31,0,407,4959.145769,0.1489,33305.21,2020,12,5109.886173,4801.442801,4961.2862065
36.0,12,1,2021-01-31,0,359,5194.954232,0.1489,34888.88,2021,1,4959.145769,4814.614495,5024.676162666667
36.0,12,1,2021-02-28,0,362,5198.2553450000005,0.1489,34911.05,2021,2,5194.954232,4722.540691,5103.961938333333
36.0,12,1,2021-03-31,0,363,5158.768554,0.1489,34645.86,2021,3,5198.2553450000005,5022.033684,5126.751083333334
36.0,12,1,2021-04-30,0,364,5116.212934,0.1489,34360.06,2021,4,5158.768554,5139.496427,5122.870501166667
36.0,12,1,2021-05-31,0,54,5268.746094,0.1489,35384.46,2021,5,5116.212934,5109.886173,5149.347154666667
36.0,12,1,2021-06-30,0,55,5337.1894680000005,0.1489,35844.12,2021,6,5268.746094,4959.145769,5212.354437833334
36.0,12,1,2021-07-31,0,338,5252.027602,0.1489,35272.18,2021,7,5337.1894680000005,5194.954232,5221.8666661666675
36.0,12,1,2021-08-31,0,339,5215.49052,0.1489,35026.8,2021,8,5252.027602,5198.2553450000005,5224.739195333334
36.0,12,1,2021-09-30,0,408,5429.208179,0.1489,36462.11,2021,9,5215.49052,5158.768554,5269.812466166667
36.0,12,1,2021-10-31,0,410,5448.760238,0.1489,36593.42,2021,10,5429.208179,5116.212934,5325.237016833334
36.0,12,1,2021-11-30,0,332,5119.6421009999995,0.1489,34383.09,2021,11,5448.760238,5268.746094,5300.386351333334
36.0,12,1,2021-12-31,0,333,4983.824455,0.1489,33470.95,2021,12,5119.6421009999995,5337.1894680000005,5241.4921825
36.0,12,1,2022-01-31,0,331,4977.116510000001,0.1489,33425.9,2022,1,4983.824455,5252.027602,5195.673667166667
36.0,12,1,2022-02-28,0,176,4859.838403000001,0.1489,32638.27,2022,2,4977.116510000001,5215.49052,5136.3983143333335
36.0,12,1,2022-03-31,0,59,4823.223893,0.1489,32392.37,2022,3,4859.838403000001,5429.208179,5035.400933333333
36.0,12,1,2022-04-30,0,58,4645.688934000001,0.1489,31200.06,2022,4,4823.223893,5448.760238,4901.555716
36.0,12,1,2022-05-31,0,58,4661.771623000001,0.1489,31308.07,2022,5,4645.688934000001,5119.6421009999995,4825.243969666667
36.0,12,1,2022-06-30,0,58,13085.431763,0.1489,87880.67,2022,6,4661.771623000001,4983.824455,6175.511854333334
36.0,12,1,2022-07-31,0,59,12944.438353000001,0.1489,86933.77,2022,7,13085.431763,4977.116510000001,7503.398828166668
36.0,12,1,2022-08-31,0,59,12191.086248000001,0.1489,81874.32,2022,8,12944.438353000001,4859.838403000001,8725.273469000002
36.0,12,1,2022-09-30,0,59,12563.86931,0.1489,84377.9,2022,9,12191.086248000001,4823.223893,10015.381038500002
36.0,12,1,2022-10-31,0,59,11652.200769000001,0.1489,78255.21,2022,10,12563.86931,4645.688934000001,11183.133011
36.0,12,1,2022-11-30,0,59,12308.959955,0.1489,82665.95,2022,11,11652.200769000001,4661.771623000001,12457.664399666668
36.0,12,1,2022-12-31,0,340,14430.911520000001,0.1489,96916.8,2022,12,12308.959955,13085.431763,12681.911025833333
36.0,12,1,2023-01-31,0,59,14257.102039,0.1489,95749.51,2023,1,14430.911520000001,12944.438353000001,12900.688306833334
36.0,12,1,2023-02-28,0,59,8189.556582,0.1489,55000.38,2023,2,14257.102039,12191.086248000001,12233.766695833334
36.0,12,1,2023-03-31,0,94,9768.306057000002,0.1489,65603.13,2023,3,8189.556582,12563.86931,11767.839487
36.0,12,1,2023-04-30,0,226,8111.153287,0.1489,54473.83,2023,4,9768.306057000002,11652.200769000001,11177.664906666667
36.0,12,1,2023-05-31,0,35,7850.354937,0.1489,52722.33,2023,5,8111.153287,12308.959955,10434.564070333334
36.0,12,1,2023-06-30,0,31,8637.477562,0.1489,58008.58,2023,6,7850.354937,14430.911520000001,9468.991743999999
36.0,12,1,2023-07-31,0,40,8025.416667,0.1489,53898.03,2023,7,8637.477562,14257.102039,8430.377515333334
36.0,12,1,2023-08-31,0,37,7940.9546310000005,0.1489,53330.79,2023,8,8025.416667,8189.556582,8388.943856833333
36.0,12,1,2023-09-30,0,232,7587.54197,0.1489,50957.3,2023,9,7940.9546310000005,9768.306057000002,8025.483175666667
36.0,12,1,2023-10-31,0,151,8426.17655,0.1489,56589.5,2023,10,7587.54197,8111.153287,8077.987052833334
36.0,12,1,2023-11-30,0,352,7767.99388,0.1489,52169.2,2023,11,8426.17655,7850.354937,8064.26021
36.0,12,1,2023-12-31,0,350,8904.364433,0.1489,59800.97,2023,12,7767.99388,8637.477562,8108.741355166668
36.0,12,1,2024-01-31,0,391,7283.221639,0.1489,48913.51,2024,1,8904.364433,8025.416667,7985.042183833334
36.0,12,1,2024-02-29,0,95,7263.078447000001,0.1489,48778.23,2024,2,7283.221639,7940.9546310000005,7872.062819833333
36.0,12,1,2024-03-31,0,246,7291.235437,0.1489,48967.33,2024,3,7263.078447000001,7587.54197,7822.678397666667
36.0,12,1,2024-04-30,0,226,7225.823667,0.1489,48528.03,2024,4,7291.235437,8426.17655,7622.619583833334
36.0,12,1,2024-05-31,0,35,7253.650099,0.1489,48714.91,2024,5,7225.823667,7767.99388,7536.895620333334
36.0,12,1,2024-06-30,0,31,7337.257449000001,0.1489,49276.41,2024,6,7253.650099,8904.364433,7275.711123000001
36.0,12,1,2024-07-31,0,40,6919.637619,0.1489,46471.71,2024,7,7337.257449000001,7283.221639,7215.113786333332
36.0,12,1,2024-08-31,0,37,6875.990562000001,0.1489,46178.58,2024,8,6919.637619,7263.078447000001,7150.599138833334
36.0,12,1,2024-09-30,0,232,6304.927793000001,0.1489,42343.37,2024,9,6875.990562000001,7291.235437,6986.214531500001
37.0,14,1,2020-01-31,0,148,2695.35762,0.0843,31973.4,2020,1,6304.927793000001,7225.823667,6231.136857
37.0,14,1,2020-02-29,0,94,2653.784232,0.0843,31480.24,2020,2,2695.35762,7253.650099,5464.492545833334
37.0,14,1,2020-03-31,0,96,2711.036577,0.0843,32159.39,2020,3,2653.784232,7337.257449000001,4693.455733833333
37.0,14,1,2020-04-30,0,226,2596.7510669999997,0.0843,30803.69,2020,4,2711.036577,6919.637619,3972.974641833333
37.0,14,1,2020-05-31,0,227,2656.973301,0.0843,31518.07,2020,5,2596.7510669999997,6875.990562000001,3269.8050983333337
37.0,14,1,2020-06-30,0,35,2718.345387,0.0843,32246.09,2020,6,2656.973301,6304.927793000001,2672.0413639999997
37.0,14,1,2020-07-31,0,36,2725.802565,0.0843,32334.55,2020,7,2718.345387,2695.35762,2677.1155215
37.0,14,1,2020-08-31,0,31,2673.674817,0.0843,31716.19,2020,8,2725.802565,2653.784232,2680.430619
37.0,14,1,2020-09-30,0,32,2843.233308,0.0843,33727.56,2020,9,2673.674817,2711.036577,2702.4634075
37.0,14,1,2020-10-31,0,40,2909.735049,0.0843,34516.43,2020,10,2843.233308,2596.7510669999997,2754.6274044999996
37.0,14,1,2020-11-30,0,37,2892.971151,0.0843,34317.57,2020,11,2909.735049,2656.973301,2793.9603795000003
37.0,14,1,2020-12-31,0,41,2807.629203,0.0843,33305.21,2020,12,2892.971151,2718.345387,2808.8410155
37.0,14,1,2021-01-31,0,232,2941.132584,0.0843,34888.88,2021,1,2807.629203,2725.802565,2844.7293520000003
37.0,14,1,2021-02-28,0,233,2943.0015150000004,0.0843,34911.05,2021,2,2941.132584,2673.674817,2889.617135
37.0,14,1,2021-03-31,0,368,2920.645998,0.0843,34645.86,2021,3,2943.0015150000004,2843.233308,2902.51925
37.0,14,1,2021-04-30,0,369,2896.553058,0.0843,34360.06,2021,4,2920.645998,2909.735049,2900.3222514999998
37.0,14,1,2021-05-31,0,373,2982.909978,0.0843,35384.46,2021,5,2896.553058,2892.971151,2915.312056
37.0,14,1,2021-06-30,0,374,3021.659316,0.0843,35844.12,2021,6,2982.909978,2807.629203,2950.9837415
37.0,14,1,2021-07-31,0,377,2973.444774,0.0843,35272.18,2021,7,3021.659316,2941.132584,2956.3691065000003
37.0,14,1,2021-08-31,0,378,2952.7592400000003,0.0843,35026.8,2021,8,2973.444774,2943.0015150000004,2957.995394
37.0,14,1,2021-09-30,0,412,3073.755873,0.0843,36462.11,2021,9,2952.7592400000003,2920.645998,2983.5137065000004
37.0,14,1,2021-10-31,0,413,3084.8253059999997,0.0843,36593.42,2021,10,3073.755873,2896.553058,3014.8924145
37.0,14,1,2021-11-30,0,234,2898.4944869999995,0.0843,34383.09,2021,11,3084.8253059999997,2982.909978,3000.823166
37.0,14,1,2021-12-31,0,235,2821.601085,0.0843,33470.95,2021,12,2898.4944869999995,3021.659316,2967.4801274999995
37.0,14,1,2022-01-31,0,242,2817.80337,0.0843,33425.9,2022,1,2821.601085,2973.444774,2941.5398935
37.0,14,1,2022-02-28,0,243,2751.406161,0.0843,32638.27,2022,2,2817.80337,2952.7592400000003,2907.9810469999998
37.0,14,1,2022-03-31,0,21,2730.676791,0.0843,32392.37,2022,3,2751.406161,3073.755873,2850.8012
37.0,14,1,2022-04-30,0,22,2630.165058,0.0843,31200.06,2022,4,2730.676791,3084.8253059999997,2775.024492
37.0,14,1,2022-05-31,0,141,2639.270301,0.0843,31308.07,2022,5,2630.165058,2898.4944869999995,2731.820461
37.0,14,1,2022-06-30,0,142,7408.340481,0.0843,87880.67,2022,6,2639.270301,2821.601085,3496.277027
37.0,14,1,2022-07-31,0,373,7328.516811,0.0843,86933.77,2022,7,7408.340481,2817.80337,4248.0626005
37.0,14,1,2022-08-31,0,374,6902.005176000001,0.0843,81874.32,2022,8,7328.516811,2751.406161,4939.829103
37.0,14,1,2022-09-30,0,23,7113.05697,0.0843,84377.9,2022,9,6902.005176000001,2730.676791,5670.2257995
37.0,14,1,2022-10-31,0,24,6596.914203,0.0843,78255.21,2022,10,7113.05697,2630.165058,6331.350657
37.0,14,1,2022-11-30,0,139,6968.739584999999,0.0843,82665.95,2022,11,6596.914203,2639.270301,7052.928871
37.0,14,1,2022-12-31,0,140,8170.0862400000005,0.0843,96916.8,2022,12,6968.739584999999,7408.340481,7179.886497500001
37.0,14,1,2023-01-31,0,91,8071.683693,0.0843,95749.51,2023,1,8170.0862400000005,7328.516811,7303.7476445
37.0,14,1,2023-02-28,0,92,4636.532034,0.0843,55000.38,2023,2,8071.683693,6902.005176000001,6926.168787499999
37.0,14,1,2023-03-31,0,40,5530.3438590000005,0.0843,65603.13,2023,3,4636.532034,7113.05697,6662.383269000001
37.0,14,1,2023-04-30,0,37,4592.143869,0.0843,54473.83,2023,4,5530.3438590000005,6596.914203,6328.25488
37.0,14,1,2023-05-31,0,42,4444.492419,0.0843,52722.33,2023,5,4592.143869,6968.739584999999,5907.547019000001
37.0,14,1,2023-06-30,0,232,4890.123294,0.0843,58008.58,2023,6,4444.492419,8170.0862400000005,5360.886528
37.0,14,1,2023-07-31,0,65,4543.603929,0.0843,53898.03,2023,7,4890.123294,8071.683693,4772.873234
37.0,14,1,2023-08-31,0,405,4495.785597,0.0843,53330.79,2023,8,4543.603929,4636.532034,4749.4154945
37.0,14,1,2023-09-30,0,407,4295.70039,0.0843,50957.3,2023,9,4495.785597,5530.3438590000005,4543.641583
37.0,14,1,2023-10-31,0,359,4770.49485,0.0843,56589.5,2023,10,4295.70039,4592.143869,4573.3667465
37.0,14,1,2023-11-30,0,362,4397.86356,0.0843,52169.2,2023,11,4770.49485,4444.492419,4565.59527
37.0,14,1,2023-12-31,0,363,5041.221771,0.0843,59800.97,2023,12,4397.86356,4890.123294,4590.778349499999
37.0,14,1,2024-01-31,0,364,4123.408893,0.0843,48913.51,2024,1,5041.221771,4543.603929,4520.7458435
37.0,14,1,2024-02-29,0,54,4112.0047890000005,0.0843,48778.23,2024,2,4123.408893,4495.785597,4456.7823755
37.0,14,1,2024-03-31,0,55,4127.945919,0.0843,48967.33,2024,3,4112.0047890000005,4295.70039,4428.823297
37.0,14,1,2024-04-30,0,338,4090.912929,0.0843,48528.03,2024,4,4127.945919,4770.49485,4315.5596435
37.0,14,1,2024-05-31,0,339,4106.666913,0.0843,48714.91,2024,5,4090.912929,4397.86356,4267.026869
37.0,14,1,2024-06-30,0,408,4154.001363,0.0843,49276.41,2024,6,4106.666913,5041.221771,4119.156801
37.0,14,1,2024-07-31,0,410,3917.565153,0.0843,46471.71,2024,7,4154.001363,4123.408893,4084.8495110000003
37.0,14,1,2024-08-31,0,332,3892.854294,0.0843,46178.58,2024,8,3917.565153,4112.0047890000005,4048.3244285
38.0,14,1,2024-09-30,0,333,3569.546091,0.0843,42343.37,2024,9,3892.854294,4127.945919,3955.2577905
38.0,27,1,2020-01-31,0,331,3440.33784,0.1076,31973.4,2020,1,3569.546091,4090.912929,3846.828609
38.0,27,1,2020-02-29,0,176,3387.2738240000003,0.1076,31480.24,2020,2,3440.33784,4106.666913,3726.929760833334
38.0,27,1,2020-03-31,0,59,3460.350364,0.1076,32159.39,2020,3,3387.2738240000003,4154.001363,3611.3212609999996
38.0,27,1,2020-04-30,0,58,3314.4770439999998,0.1076,30803.69,2020,4,3460.350364,3917.565153,3510.806576166666
38.0,27,1,2020-05-31,0,58,3391.344332,0.1076,31518.07,2020,5,3314.4770439999998,3892.854294,3427.2215825
38.0,27,1,2020-06-30,0,58,3469.6792840000003,0.1076,32246.09,2020,6,3391.344332,3569.546091,3410.577114666667
38.0,27,1,2020-07-31,0,59,3479.19758,0.1076,32334.55,2020,7,3469.6792840000003,3440.33784,3417.053738
38.0,27,1,2020-08-31,0,59,3412.6620439999997,0.1076,31716.19,2020,8,3479.19758,3387.2738240000003,3421.285108
38.0,27,1,2020-09-30,0,59,3629.085456,0.1076,33727.56,2020,9,3412.6620439999997,3460.350364,3449.407623333333
38.0,27,1,2020-10-31,0,59,3713.967868,0.1076,34516.43,2020,10,3629.085456,3314.4770439999998,3515.9894273333334
38.0,27,1,2020-11-30,0,59,3692.570532,0.1076,34317.57,2020,11,3713.967868,3391.344332,3566.1937940000003
38.0,27,1,2020-12-31,0,340,3583.6405959999997,0.1076,33305.21,2020,12,3692.570532,3469.6792840000003,3585.187346
38.0,27,1,2021-01-31,0,59,3754.043488,0.1076,34888.88,2021,1,3583.6405959999997,3479.19758,3630.9949973333332
38.0,27,1,2021-02-28,0,59,3756.42898,0.1076,34911.05,2021,2,3754.043488,3412.6620439999997,3688.2894866666666
38.0,27,1,2021-03-31,0,94,3727.8945360000002,0.1076,34645.86,2021,3,3756.42898,3629.085456,3704.757666666667
38.0,27,1,2021-04-30,0,226,3697.1424559999996,0.1076,34360.06,2021,4,3727.8945360000002,3713.967868,3701.9534313333334
38.0,27,1,2021-05-31,0,35,3807.3678959999997,0.1076,35384.46,2021,5,3697.1424559999996,3692.570532,3721.086325333333
38.0,27,1,2021-06-30,0,31,3856.8273120000003,0.1076,35844.12,2021,6,3807.3678959999997,3583.6405959999997,3766.6174446666664
38.0,27,1,2021-07-31,0,40,3795.286568,0.1076,35272.18,2021,7,3856.8273120000003,3754.043488,3773.4912913333333
38.0,27,1,2021-08-31,0,37,3768.8836800000004,0.1076,35026.8,2021,8,3795.286568,3756.42898,3775.567074666667
38.0,27,1,2021-09-30,0,232,3923.3230360000002,0.1076,36462.11,2021,9,3768.8836800000004,3727.8945360000002,3808.138491333333
38.0,27,1,2021-10-31,0,151,3937.451992,0.1076,36593.42,2021,10,3923.3230360000002,3697.1424559999996,3848.190080666667
38.0,27,1,2021-11-30,0,352,3699.6204839999996,0.1076,34383.09,2021,11,3937.451992,3807.3678959999997,3830.232178666667
38.0,27,1,2021-12-31,0,350,3601.4742199999996,0.1076,33470.95,2021,12,3699.6204839999996,3856.8273120000003,3787.67333
38.0,27,1,2022-01-31,0,391,3596.6268400000004,0.1076,33425.9,2022,1,3601.4742199999996,3795.286568,3754.563375333333
38.0,27,1,2022-02-28,0,95,3511.877852,0.1076,32638.27,2022,2,3596.6268400000004,3768.8836800000004,3711.7290706666663
38.0,27,1,2022-03-31,0,246,3485.419012,0.1076,32392.37,2022,3,3511.877852,3923.3230360000002,3638.7450666666664
38.0,27,1,2022-04-30,0,226,3357.126456,0.1076,31200.06,2022,4,3485.419012,3937.451992,3542.0241439999995
38.0,27,1,2022-05-31,0,35,3368.748332,0.1076,31308.07,2022,5,3357.126456,3699.6204839999996,3486.878785333333
38.0,27,1,2022-06-30,0,31,9455.960092,0.1076,87880.67,2022,6,3368.748332,3601.4742199999996,4462.626430666667
38.0,27,1,2022-07-31,0,40,9354.073652000001,0.1076,86933.77,2022,7,9455.960092,3596.6268400000004,5422.200899333334
38.0,27,1,2022-08-31,0,37,8809.676832000001,0.1076,81874.32,2022,8,9354.073652000001,3511.877852,6305.167396
38.0,27,1,2022-09-30,0,232,9079.062039999999,0.1076,84377.9,2022,9,8809.676832000001,3485.419012,7237.441234000001
38.0,27,1,2022-10-31,0,148,8420.260596,0.1076,78255.21,2022,10,9079.062039999999,3357.126456,8081.296924000001
38.0,27,1,2022-11-30,0,94,8894.85622,0.1076,82665.95,2022,11,8420.260596,3368.748332,9002.314905333333
38.0,27,1,2022-12-31,0,96,10428.24768,0.1076,96916.8,2022,12,8894.85622,9455.960092,9164.362836666667
38.0,27,1,2023-01-31,0,226,10302.647276,0.1076,95749.51,2023,1,10428.24768,9354.073652000001,9322.458440666667
38.0,27,1,2023-02-28,0,227,5918.0408879999995,0.1076,55000.38,2023,2,10302.647276,8809.676832000001,8840.519116666668
38.0,27,1,2023-03-31,0,35,7058.896788000001,0.1076,65603.13,2023,3,5918.0408879999995,9079.062039999999,8503.824908
38.0,27,1,2023-04-30,0,36,5861.384108,0.1076,54473.83,2023,4,7058.896788000001,8420.260596,8077.345493333333
38.0,27,1,2023-05-31,0,31,5672.922708,0.1076,52722.33,2023,5,5861.384108,8894.85622,7540.356574666667
38.0,27,1,2023-06-30,0,32,6241.723208,0.1076,58008.58,2023,6,5672.922708,10428.24768,6842.602496
38.0,27,1,2023-07-31,0,40,5799.428028,0.1076,53898.03,2023,7,6241.723208,10302.647276,6092.0659546666675
38.0,27,1,2023-08-31,0,37,5738.3930040000005,0.1076,53330.79,2023,8,5799.428028,5918.0408879999995,6062.124640666668
38.0,27,1,2023-09-30,0,41,5483.005480000001,0.1076,50957.3,2023,9,5738.3930040000005,7058.896788000001,5799.476089333333
38.0,27,1,2023-10-31,0,232,6089.0302,0.1076,56589.5,2023,10,5483.005480000001,5861.384108,5837.417104666667
38.0,27,1,2023-11-30,0,233,5613.40592,0.1076,52169.2,2023,11,6089.0302,5672.922708,5827.4976400000005
38.0,27,1,2023-12-31,0,368,6434.584372,0.1076,59800.97,2023,12,5613.40592,6241.723208,5859.641167333334
38.0,27,1,2024-01-31,0,369,5263.093676,0.1076,48913.51,2024,1,6434.584372,5799.428028,5770.252108666667
38.0,27,1,2024-02-29,0,373,5248.537548,0.1076,48778.23,2024,2,5263.093676,5738.3930040000005,5688.609532666666
38.0,27,1,2024-03-31,0,374,5268.8847080000005,0.1076,48967.33,2024,3,5248.537548,5483.005480000001,5652.922737333334
38.0,27,1,2024-04-30,0,377,5221.616028,0.1076,48528.03,2024,4,5268.8847080000005,6089.0302,5508.3537086666665
38.0,27,1,2024-05-31,0,378,5241.724316000001,0.1076,48714.91,2024,5,5221.616028,5613.40592,5446.406774666667
38.0,27,1,2024-06-30,0,412,5302.141716,0.1076,49276.41,2024,6,5241.724316000001,6434.584372,5257.666332
38.0,27,1,2024-07-31,0,413,5000.355996,0.1076,46471.71,2024,7,5302.141716,5263.093676,5213.876718666667
38.0,27,1,2024-08-31,0,234,4968.815208,0.1076,46178.58,2024,8,5000.355996,5248.537548,5167.256328666667
38.0,27,1,2024-09-30,0,235,4556.1466120000005,0.1076,42343.37,2024,9,4968.815208,5268.8847080000005,5048.466646
39.0,37,1,2020-01-31,0,242,3811.22928,0.1192,31973.4,2020,1,4556.1466120000005,5221.616028,4813.402188
39.0,37,1,2020-02-29,0,243,3752.4446080000002,0.1192,31480.24,2020,2,3811.22928,5241.724316000001,4565.188903333333
39.0,37,1,2020-03-31,0,21,3833.399288,0.1192,32159.39,2020,3,3752.4446080000002,5302.141716,4320.3984986666665
39.0,37,1,2020-04-30,0,22,3671.7998479999997,0.1192,30803.69,2020,4,3833.399288,5000.355996,4098.972474
39.0,37,1,2020-05-31,0,141,3756.953944,0.1192,31518.07,2020,5,3671.7998479999997,4968.815208,3896.995596666666
39.0,37,1,2020-06-30,0,142,3843.733928,0.1192,32246.09,2020,6,3756.953944,4556.1466120000005,3778.260149333333
39.0,37,1,2020-07-31,0,373,3854.27836,0.1192,32334.55,2020,7,3843.733928,3811.22928,3785.434996
39.0,37,1,2020-08-31,0,374,3780.5698479999996,0.1192,31716.19,2020,8,3854.27836,3752.4446080000002,3790.1225360000003
39.0,37,1,2020-09-30,0,23,4020.325152,0.1192,33727.56,2020,9,3780.5698479999996,3833.399288,3821.276846666667
39.0,37,1,2020-10-31,0,24,4114.358456,0.1192,34516.43,2020,10,4020.325152,3671.7998479999997,3895.036614666666
39.0,37,1,2020-11-30,0,139,4090.654344,0.1192,34317.57,2020,11,4114.358456,3756.953944,3950.653348
39.0,37,1,2020-12-31,0,140,3969.9810319999997,0.1192,33305.21,2020,12,4090.654344,3843.733928,3971.6945319999995
39.0,37,1,2021-01-31,0,91,4158.754496,0.1192,34888.88,2021,1,3969.9810319999997,3854.27836,4022.4405546666662
39.0,37,1,2021-02-28,0,92,4161.39716,0.1192,34911.05,2021,2,4158.754496,3780.5698479999996,4085.9117733333333
39.0,37,1,2021-03-31,0,40,4129.786512,0.1192,34645.86,2021,3,4161.39716,4020.325152,4104.155333333333
39.0,37,1,2021-04-30,0,37,4095.7191519999997,0.1192,34360.06,2021,4,4129.786512,4114.358456,4101.048782666667
39.0,37,1,2021-05-31,0,42,4217.8276319999995,0.1192,35384.46,2021,5,4095.7191519999997,4090.654344,4122.244330666667
39.0,37,1,2021-06-30,0,232,4272.619104,0.1192,35844.12,2021,6,4217.8276319999995,3969.9810319999997,4172.684009333333
39.0,37,1,2021-07-31,0,65,4204.443856,0.1192,35272.18,2021,7,4272.619104,4158.754496,4180.298902666666
39.0,37,1,2021-08-31,0,405,4175.19456,0.1192,35026.8,2021,8,4204.443856,4161.39716,4182.598469333333
39.0,37,1,2021-09-30,0,407,4346.283512,0.1192,36462.11,2021,9,4175.19456,4129.786512,4218.681302666667
39.0,37,1,2021-10-31,0,359,4361.935664,0.1192,36593.42,2021,10,4346.283512,4095.7191519999997,4263.050721333333
39.0,37,1,2021-11-30,0,362,4098.464328,0.1192,34383.09,2021,11,4361.935664,4217.8276319999995,4243.156837333333
39.0,37,1,2021-12-31,0,363,3989.7372399999995,0.1192,33470.95,2021,12,4098.464328,4272.619104,4196.00986
39.0,37,1,2022-01-31,0,364,3984.3672800000004,0.1192,33425.9,2022,1,3989.7372399999995,4204.443856,4159.330430666666
39.0,37,1,2022-02-28,0,54,3890.481784,0.1192,32638.27,2022,2,3984.3672800000004,4175.19456,4111.878301333333
39.0,37,1,2022-03-31,0,55,3861.1705039999997,0.1192,32392.37,2022,3,3890.481784,4346.283512,4031.0261333333333
39.0,37,1,2022-04-30,0,338,3719.047152,0.1192,31200.06,2022,4,3861.1705039999997,4361.935664,3923.878048
39.0,37,1,2022-05-31,0,339,3731.921944,0.1192,31308.07,2022,5,3719.047152,4098.464328,3862.7876506666667
39.0,37,1,2022-06-30,0,408,10475.375864,0.1192,87880.67,2022,6,3731.921944,3989.7372399999995,4943.727421333333
39.0,37,1,2022-07-31,0,410,10362.505384,0.1192,86933.77,2022,7,10475.375864,3984.3672800000004,6006.750438666667
39.0,37,1,2022-08-31,0,332,9759.418944000001,0.1192,81874.32,2022,8,10362.505384,3890.481784,6984.906632000001
39.0,37,1,2022-09-30,0,333,10057.845679999999,0.1192,84377.9,2022,9,9759.418944000001,3861.1705039999997,8017.685827999999
39.0,37,1,2022-10-31,0,331,9328.021032,0.1192,78255.21,2022,10,10057.845679999999,3719.047152,8952.514808
39.0,37,1,2022-11-30,0,176,9853.78124,0.1192,82665.95,2022,11,9328.021032,3731.921944,9972.824690666666
39.0,37,1,2022-12-31,0,59,11552.48256,0.1192,96916.8,2022,12,9853.78124,10475.375864,10152.342473333332
39.0,37,1,2023-01-31,0,58,11413.341591999999,0.1192,95749.51,2023,1,11552.48256,10362.505384,10327.481841333332
39.0,37,1,2023-02-28,0,58,6556.045295999999,0.1192,55000.38,2023,2,11413.341591999999,9759.418944000001,9793.586233333333
39.0,37,1,2023-03-31,0,58,7819.893096000001,0.1192,65603.13,2023,3,6556.045295999999,10057.845679999999,9420.594136
39.0,37,1,2023-04-30,0,59,6493.280536,0.1192,54473.83,2023,4,7819.893096000001,9328.021032,8948.137386666667
39.0,37,1,2023-05-31,0,59,6284.501736,0.1192,52722.33,2023,5,6493.280536,9853.78124,8353.257469333334
39.0,37,1,2023-06-30,0,59,6914.622736,0.1192,58008.58,2023,6,6284.501736,11552.48256,7580.280832
39.0,37,1,2023-07-31,0,59,6424.645176,0.1192,53898.03,2023,7,6914.622736,11413.341591999999,6748.831429333334
39.0,37,1,2023-08-31,0,59,6357.030168,0.1192,53330.79,2023,8,6424.645176,6556.045295999999,6715.6622413333325
39.0,37,1,2023-09-30,0,340,6074.11016,0.1192,50957.3,2023,9,6357.030168,7819.893096000001,6424.698418666667
39.0,37,1,2023-10-31,0,59,6745.4684,0.1192,56589.5,2023,10,6074.11016,6493.280536,6466.729729333333
39.0,37,1,2023-11-30,0,59,6218.5686399999995,0.1192,52169.2,2023,11,6745.4684,6284.501736,6455.74088
39.0,37,1,2023-12-31,0,94,7128.275624,0.1192,59800.97,2023,12,6218.5686399999995,6914.622736,6491.349694666666
39.0,37,1,2024-01-31,0,226,5830.490392000001,0.1192,48913.51,2024,1,7128.275624,6424.645176,6392.323897333333
39.0,37,1,2024-02-29,0,35,5814.365016000001,0.1192,48778.23,2024,2,5830.490392000001,6357.030168,6301.879705333334
39.0,37,1,2024-03-31,0,31,5836.905736000001,0.1192,48967.33,2024,3,5814.365016000001,6074.11016,6262.345634666667
39.0,37,1,2024-04-30,0,40,5784.541176,0.1192,48528.03,2024,4,5836.905736000001,6745.4684,6102.191097333333
39.0,37,1,2024-05-31,0,37,5806.817272,0.1192,48714.91,2024,5,5784.541176,6218.5686399999995,6033.565869333334
39.0,37,1,2024-06-30,0,232,5873.748072,0.1192,49276.41,2024,6,5806.817272,7128.275624,5824.477944000001
39.0,37,1,2024-07-31,0,151,5539.427832,0.1192,46471.71,2024,7,5873.748072,5830.490392000001,5775.9675173333335
39.0,37,1,2024-08-31,0,352,5504.486736,0.1192,46178.58,2024,8,5539.427832,5814.365016000001,5724.321137333333
39.0,37,1,2024-09-30,0,350,5047.329704000001,0.1192,42343.37,2024,9,5504.486736,5836.905736000001,5592.725132
40.0,29,1,2020-01-31,0,391,2353.24224,0.0736,31973.4,2020,1,5047.329704000001,5784.541176,5020.841976000001
40.0,29,1,2020-02-29,0,95,2316.945664,0.0736,31480.24,2020,2,2353.24224,5806.817272,4439.196708
40.0,29,1,2020-03-31,0,246,2366.931104,0.0736,32159.39,2020,3,2316.945664,5873.748072,3854.7272133333336
40.0,29,1,2020-04-30,0,226,2267.1515839999997,0.0736,30803.69,2020,4,2366.931104,5539.427832,3309.3478386666666
40.0,29,1,2020-05-31,0,35,2319.729952,0.0736,31518.07,2020,5,2267.1515839999997,5504.486736,2778.5550413333335
40.0,29,1,2020-06-30,0,31,2373.312224,0.0736,32246.09,2020,6,2319.729952,5047.329704000001,2332.8854613333333
40.0,29,1,2020-07-31,0,40,2379.8228799999997,0.0736,32334.55,2020,7,2373.312224,2353.24224,2337.315568
40.0,29,1,2020-08-31,0,37,2334.311584,0.0736,31716.19,2020,8,2379.8228799999997,2316.945664,2340.209888
40.0,29,1,2020-09-30,0,232,2482.348416,0.0736,33727.56,2020,9,2334.311584,2366.931104,2359.4461066666668
40.0,29,1,2020-10-31,0,148,2540.409248,0.0736,34516.43,2020,10,2482.348416,2267.1515839999997,2404.9890506666666
40.0,29,1,2020-11-30,0,94,2525.7731519999998,0.0736,34317.57,2020,11,2540.409248,2319.729952,2439.329584
40.0,29,1,2020-12-31,0,96,2451.2634559999997,0.0736,33305.21,2020,12,2525.7731519999998,2373.312224,2452.3214559999997
40.0,29,1,2021-01-31,0,226,2567.821568,0.0736,34888.88,2021,1,2451.2634559999997,2379.8228799999997,2483.654570666666
40.0,29,1,2021-02-28,0,227,2569.45328,0.0736,34911.05,2021,2,2567.821568,2334.311584,2522.8448533333335
40.0,29,1,2021-03-31,0,35,2549.935296,0.0736,34645.86,2021,3,2569.45328,2482.348416,2534.1093333333333
40.0,29,1,2021-04-30,0,36,2528.900416,0.0736,34360.06,2021,4,2549.935296,2540.409248,2532.1911946666664
40.0,29,1,2021-05-31,0,31,2604.296256,0.0736,35384.46,2021,5,2528.900416,2525.7731519999998,2545.2783786666664
40.0,29,1,2021-06-30,0,32,2638.1272320000003,0.0736,35844.12,2021,6,2604.296256,2451.2634559999997,2576.4223413333334
40.0,29,1,2021-07-31,0,40,2596.032448,0.0736,35272.18,2021,7,2638.1272320000003,2567.821568,2581.124154666667
40.0,29,1,2021-08-31,0,37,2577.9724800000004,0.0736,35026.8,2021,8,2596.032448,2569.45328,2582.5440213333336
40.0,29,1,2021-09-30,0,41,2683.611296,0.0736,36462.11,2021,9,2577.9724800000004,2549.935296,2604.8233546666665
40.0,29,1,2021-10-31,0,232,2693.2757119999997,0.0736,36593.42,2021,10,2683.611296,2528.900416,2632.2192373333332
40.0,29,1,2021-11-30,0,233,2530.5954239999996,0.0736,34383.09,2021,11,2693.2757119999997,2604.296256,2619.935765333333
40.0,29,1,2021-12-31,0,368,2463.4619199999997,0.0736,33470.95,2021,12,2530.5954239999996,2638.1272320000003,2590.8248799999997
40.0,29,1,2022-01-31,0,369,2460.14624,0.0736,33425.9,2022,1,2463.4619199999997,2596.032448,2568.1771786666664
40.0,29,1,2022-02-28,0,373,2402.176672,0.0736,32638.27,2022,2,2460.14624,2577.9724800000004,2538.877877333333
40.0,29,1,2022-03-31,0,374,2384.078432,0.0736,32392.37,2022,3,2402.176672,2683.611296,2488.9557333333332
40.0,29,1,2022-04-30,0,377,2296.324416,0.0736,31200.06,2022,4,2384.078432,2693.2757119999997,2422.7971839999996
40.0,29,1,2022-05-31,0,378,2304.273952,0.0736,31308.07,2022,5,2296.324416,2530.5954239999996,2385.0769386666666
40.0,29,1,2022-06-30,0,412,6468.017312,0.0736,87880.67,2022,6,2304.273952,2463.4619199999997,3052.5028373333334
40.0,29,1,2022-07-31,0,413,6398.325472,0.0736,86933.77,2022,7,6468.017312,2460.14624,3708.8660426666665
40.0,29,1,2022-08-31,0,234,6025.949952000001,0.0736,81874.32,2022,8,6398.325472,2402.176672,4312.828256
40.0,29,1,2022-09-30,0,235,6210.2134399999995,0.0736,84377.9,2022,9,6025.949952000001,2384.078432,4950.517424000001
40.0,29,1,2022-10-31,0,242,5759.583456,0.0736,78255.21,2022,10,6210.2134399999995,2296.324416,5527.727264
40.0,29,1,2022-11-30,0,243,6084.213919999999,0.0736,82665.95,2022,11,5759.583456,2304.273952,6157.717258666667
40.0,29,1,2022-12-31,0,21,7133.07648,0.0736,96916.8,2022,12,6084.213919999999,6468.017312,6268.560453333334
40.0,29,1,2023-01-31,0,22,7047.163936,0.0736,95749.51,2023,1,7133.07648,6398.325472,6376.700197333333
40.0,29,1,2023-02-28,0,141,4048.027968,0.0736,55000.38,2023,2,7047.163936,6025.949952000001,6047.046533333333
40.0,29,1,2023-03-31,0,142,4828.390368,0.0736,65603.13,2023,3,4048.027968,6210.2134399999995,5816.742687999999
40.0,29,1,2023-04-30,0,373,4009.273888,0.0736,54473.83,2023,4,4828.390368,5759.583456,5525.024426666667
40.0,29,1,2023-05-31,0,374,3880.363488,0.0736,52722.33,2023,5,4009.273888,6084.213919999999,5157.716021333333
40.0,29,1,2023-06-30,0,23,4269.431488,0.0736,58008.58,2023,6,3880.363488,7133.07648,4680.441856
40.0,29,1,2023-07-31,0,24,3966.895008,0.0736,53898.03,2023,7,4269.431488,7047.163936,4167.0637013333335
40.0,29,1,2023-08-31,0,139,3925.146144,0.0736,53330.79,2023,8,3966.895008,4048.027968,4146.583397333333
40.0,29,1,2023-09-30,0,140,3750.45728,0.0736,50957.3,2023,9,3925.146144,4828.390368,3966.927882666667
40.0,29,1,2023-10-31,0,91,4164.9872,0.0736,56589.5,2023,10,3750.45728,4009.273888,3992.8801013333336
40.0,29,1,2023-11-30,0,92,3839.65312,0.0736,52169.2,2023,11,4164.9872,3880.363488,3986.09504
40.0,29,1,2023-12-31,0,40,4401.351392,0.0736,59800.97,2023,12,3839.65312,4269.431488,4008.0816906666664
40.0,29,1,2024-01-31,0,37,3600.034336,0.0736,48913.51,2024,1,4401.351392,3966.895008,3946.9382453333333
40.0,29,1,2024-02-29,0,42,3590.077728,0.0736,48778.23,2024,2,3600.034336,3925.146144,3891.0935093333337
40.0,29,1,2024-03-31,0,232,3603.995488,0.0736,48967.33,2024,3,3590.077728,3750.45728,3866.6832106666666
40.0,29,1,2024-04-30,0,287,3571.663008,0.0736,48528.03,2024,4,3603.995488,4164.9872,3767.7958453333335
40.0,29,1,2024-05-31,0,283,3585.4173760000003,0.0736,48714.91,2024,5,3571.663008,3839.65312,3725.423221333334
40.0,29,1,2024-06-30,0,94,3626.7437760000003,0.0736,49276.41,2024,6,3585.4173760000003,4401.351392,3596.3219520000002
40.0,29,1,2024-07-31,0,131,3420.3178559999997,0.0736,46471.71,2024,7,3626.7437760000003,3600.034336,3566.369205333333
40.0,29,1,2024-08-31,0,48,3398.743488,0.0736,46178.58,2024,8,3420.3178559999997,3590.077728,3534.480165333333
40.0,29,1,2024-09-30,0,365,3116.472032,0.0736,42343.37,2024,9,3398.743488,3603.995488,3453.226256
41.0,38,1,2020-01-31,0,366,2084.66568,0.0652,31973.4,2020,1,3116.472032,3571.663008,3205.3933679999996
41.0,38,1,2020-02-29,0,238,2052.5116479999997,0.0652,31480.24,2020,2,2084.66568,3585.4173760000003,2949.90908
41.0,38,1,2020-03-31,0,281,2096.792228,0.0652,32159.39,2020,3,2052.5116479999997,3626.7437760000003,2694.917155333333
41.0,38,1,2020-04-30,0,282,2008.4005879999997,0.0652,30803.69,2020,4,2096.792228,3420.3178559999997,2459.5976106666662
41.0,38,1,2020-05-31,0,282,2054.9781639999997,0.0652,31518.07,2020,5,2008.4005879999997,3398.743488,2235.636723333333
41.0,38,1,2020-06-30,0,284,2102.445068,0.0652,32246.09,2020,6,2054.9781639999997,3116.472032,2066.632229333333
41.0,38,1,2020-07-31,0,284,2108.2126599999997,0.0652,32334.55,2020,7,2102.445068,2084.66568,2070.556726
41.0,38,1,2020-08-31,0,135,2067.895588,0.0652,31716.19,2020,8,2108.2126599999997,2052.5116479999997,2073.120716
41.0,38,1,2020-09-30,0,135,2199.0369119999996,0.0652,33727.56,2020,9,2067.895588,2096.792228,2090.161496666666
41.0,38,1,2020-10-31,0,349,2250.471236,0.0652,34516.43,2020,10,2199.0369119999996,2008.4005879999997,2130.5066046666666
41.0,38,1,2020-11-30,0,261,2237.5055639999996,0.0652,34317.57,2020,11,2250.471236,2054.9781639999997,2160.9278379999996
41.0,38,1,2020-12-31,0,130,2171.499692,0.0652,33305.21,2020,12,2237.5055639999996,2102.445068,2172.436942
41.0,38,1,2021-01-31,0,343,2274.7549759999997,0.0652,34888.88,2021,1,2171.499692,2108.2126599999997,2200.193994666666
41.0,38,1,2021-02-28,0,94,2276.20046,0.0652,34911.05,2021,2,2274.7549759999997,2067.895588,2234.911473333333
41.0,38,1,2021-03-31,0,136,2258.9100719999997,0.0652,34645.86,2021,3,2276.20046,2199.0369119999996,2244.8903333333333
41.0,38,1,2021-04-30,0,350,2240.2759119999996,0.0652,34360.06,2021,4,2258.9100719999997,2250.471236,2243.1911126666664
41.0,38,1,2021-05-31,0,345,2307.0667919999996,0.0652,35384.46,2021,5,2240.2759119999996,2237.5055639999996,2254.784650666666
41.0,38,1,2021-06-30,0,20,2337.036624,0.0652,35844.12,2021,6,2307.0667919999996,2171.499692,2282.374139333333
41.0,38,1,2021-07-31,0,394,2299.7461359999998,0.0652,35272.18,2021,7,2337.036624,2274.7549759999997,2286.5393326666663
41.0,38,1,2021-08-31,0,346,2283.74736,0.0652,35026.8,2021,8,2299.7461359999998,2276.20046,2287.797149333333
41.0,38,1,2021-09-30,0,395,2377.3295719999996,0.0652,36462.11,2021,9,2283.74736,2258.9100719999997,2307.5337326666663
41.0,38,1,2021-10-31,0,342,2385.8909839999997,0.0652,36593.42,2021,10,2377.3295719999996,2240.2759119999996,2331.802911333333
41.0,38,1,2021-11-30,0,344,2241.7774679999998,0.0652,34383.09,2021,11,2385.8909839999997,2307.0667919999996,2320.921357333333
41.0,38,1,2021-12-31,0,347,2182.3059399999997,0.0652,33470.95,2021,12,2241.7774679999998,2337.036624,2295.13291
41.0,38,1,2022-01-31,0,348,2179.36868,0.0652,33425.9,2022,1,2182.3059399999997,2299.7461359999998,2275.0700006666666
41.0,38,1,2022-02-28,0,58,2128.015204,0.0652,32638.27,2022,2,2179.36868,2283.74736,2249.114641333333
41.0,38,1,2022-03-31,0,58,2111.9825239999996,0.0652,32392.37,2022,3,2128.015204,2377.3295719999996,2204.890133333333
41.0,38,1,2022-04-30,0,59,2034.243912,0.0652,31200.06,2022,4,2111.9825239999996,2385.8909839999997,2146.282288
41.0,38,1,2022-05-31,0,59,2041.2861639999999,0.0652,31308.07,2022,5,2034.243912,2241.7774679999998,2112.867070666666
41.0,38,1,2022-06-30,0,59,5729.819683999999,0.0652,87880.67,2022,6,2041.2861639999999,2182.3059399999997,2704.119361333333
41.0,38,1,2022-07-31,0,59,5668.0818039999995,0.0652,86933.77,2022,7,5729.819683999999,2179.36868,3285.571548666667
41.0,38,1,2022-08-31,0,49,5338.205664,0.0652,81874.32,2022,8,5668.0818039999995,2128.015204,3820.603292
41.0,38,1,2022-09-30,0,50,5501.439079999999,0.0652,84377.9,2022,9,5338.205664,2111.9825239999996,4385.512718
41.0,38,1,2022-10-31,0,62,5102.239692,0.0652,78255.21,2022,10,5501.439079999999,2034.243912,4896.845348
41.0,38,1,2022-11-30,0,63,5389.819939999999,0.0652,82665.95,2022,11,5102.239692,2041.2861639999999,5454.9343106666665
41.0,38,1,2022-12-31,0,237,6318.9753599999995,0.0652,96916.8,2022,12,5389.819939999999,5729.819683999999,5553.126923333333
41.0,38,1,2023-01-31,0,239,6242.868051999999,0.0652,95749.51,2023,1,6318.9753599999995,5668.0818039999995,5648.924631333332
41.0,38,1,2023-02-28,0,279,3586.0247759999993,0.0652,55000.38,2023,2,6242.868051999999,5338.205664,5356.894483333333
41.0,38,1,2023-03-31,0,280,4277.324076,0.0652,65603.13,2023,3,3586.0247759999993,5501.439079999999,5152.875316
41.0,38,1,2023-04-30,0,264,3551.6937159999998,0.0652,54473.83,2023,4,4277.324076,5102.239692,4894.450986666666
41.0,38,1,2023-05-31,0,58,3437.495916,0.0652,52722.33,2023,5,3551.6937159999998,5389.819939999999,4569.063649333332
41.0,38,1,2023-06-30,0,59,3782.159416,0.0652,58008.58,2023,6,3437.495916,6318.9753599999995,4146.2609919999995
41.0,38,1,2023-07-31,0,51,3514.151556,0.0652,53898.03,2023,7,3782.159416,6242.868051999999,3691.4749093333326
41.0,38,1,2023-08-31,0,52,3477.1675079999995,0.0652,53330.79,2023,8,3514.151556,3586.0247759999993,3673.3320313333334
41.0,38,1,2023-09-30,0,262,3322.41596,0.0652,50957.3,2023,9,3477.1675079999995,4277.324076,3514.180678666666
41.0,38,1,2023-10-31,0,263,3689.6353999999997,0.0652,56589.5,2023,10,3322.41596,3551.6937159999998,3537.170959333333
41.0,38,1,2023-11-30,0,25,3401.4318399999993,0.0652,52169.2,2023,11,3689.6353999999997,3437.495916,3531.16028
41.0,38,1,2023-12-31,0,26,3899.0232439999995,0.0652,59800.97,2023,12,3401.4318399999993,3782.159416,3550.6375846666656
41.0,38,1,2024-01-31,0,27,3189.160852,0.0652,48913.51,2024,1,3899.0232439999995,3514.151556,3496.472467333333
41.0,38,1,2024-02-29,0,28,3180.340596,0.0652,48778.23,2024,2,3189.160852,3477.1675079999995,3447.001315333333
41.0,38,1,2024-03-31,0,38,3192.669916,0.0652,48967.33,2024,3,3180.340596,3322.41596,3425.3769746666662
41.0,38,1,2024-04-30,0,39,3164.0275559999995,0.0652,48528.03,2024,4,3192.669916,3689.6353999999997,3337.7756673333333
41.0,38,1,2024-05-31,0,33,3176.212132,0.0652,48714.91,2024,5,3164.0275559999995,3401.4318399999993,3300.2390493333332
41.0,38,1,2024-06-30,0,34,3212.821932,0.0652,49276.41,2024,6,3176.212132,3899.0232439999995,3185.872164
41.0,38,1,2024-07-31,0,29,3029.9554919999996,0.0652,46471.71,2024,7,3212.821932,3189.160852,3159.3379373333332
41.0,38,1,2024-08-31,0,30,3010.8434159999997,0.0652,46178.58,2024,8,3029.9554919999996,3180.340596,3131.088407333333
41.0,38,1,2024-09-30,0,245,2760.787724,0.0652,42343.37,2024,9,3010.8434159999997,3192.669916,3059.108042
